<?xml version="1.0" encoding="UTF-8"?>
<!DOCTYPE html PUBLIC "-//W3C//DTD XHTML 1.0 Transitional//EN"
    "http://www.w3.org/TR/xhtml1/DTD/xhtml1-transitional.dtd">
<html xmlns="http://www.w3.org/1999/xhtml" xml:lang="en" lang="en">
 <head>
  <title>
</title>
<meta http-equiv="Content-Type" content="text/html;charset=utf-8" />
  <meta name='ocr-system' content='tesseract 3.04.00' />
  <meta name='ocr-capabilities' content='ocr_page ocr_carea ocr_par ocr_line ocrx_word'/>
</head>
<body>
  <div class='ocr_page' id='page_1' title='image "./commentationesa00haupgoog_0053.png"; bbox 0 0 3309 5292; ppageno 0'>
   <div class='ocr_carea' id='block_1_1' title="bbox 2539 437 2659 494">
    <p class='ocr_par' dir='ltr' id='par_1_1' title="bbox 2539 437 2659 494">
     <span class='ocr_line' id='line_1_1' title="bbox 2539 437 2659 494; baseline 0.008 -1"><span class='ocrx_word' id='word_1_1' title='bbox 2539 437 2659 494; x_wconf 85' lang='lat'><strong>153</strong></span> 
     </span>
    </p>
   </div>
   <div class='ocr_carea' id='block_1_2' title="bbox 411 604 2664 4273">
    <p class='ocr_par' dir='ltr' id='par_1_2' title="bbox 411 604 2664 4273">
     <span class='ocr_line' id='line_1_2' title="bbox 425 604 2663 686; baseline -0.003 -18"><span class='ocrx_word' id='word_1_2' title='bbox 425 608 676 686; x_wconf 86' lang='lat' dir='ltr'><strong>phorum</strong></span> <span class='ocrx_word' id='word_1_3' title='bbox 753 607 1052 684; x_wconf 89' lang='lat' dir='ltr'><strong>quandam</strong></span> <span class='ocrx_word' id='word_1_4' title='bbox 1126 607 1241 667; x_wconf 92' lang='lat' dir='ltr'><strong>hoc</strong></span> <span class='ocrx_word' id='word_1_5' title='bbox 1316 624 1563 666; x_wconf 90' lang='lat' dir='ltr'><strong>munere</strong></span> <span class='ocrx_word' id='word_1_6' title='bbox 1637 605 1901 665; x_wconf 86' lang='lat' dir='ltr'><strong>functam</strong></span> <span class='ocrx_word' id='word_1_7' title='bbox 1977 621 2109 664; x_wconf 87' lang='lat' dir='ltr'><strong>esse</strong></span> <span class='ocrx_word' id='word_1_8' title='bbox 2176 604 2493 664; x_wconf 88' lang='lat' dir='ltr'><strong>verisimile</strong></span> <span class='ocrx_word' id='word_1_9' title='bbox 2560 606 2663 664; x_wconf 84' lang='lat' dir='ltr'><strong>est.</strong></span> 
     </span>
     <span class='ocr_line' id='line_1_3' title="bbox 423 707 2663 784; baseline -0.003 -13"><span class='ocrx_word' id='word_1_10' title='bbox 423 710 593 784; x_wconf 80' lang='lat' dir='ltr'><strong>Quae</strong></span> <span class='ocrx_word' id='word_1_11' title='bbox 653 711 851 770; x_wconf 87' lang='lat' dir='ltr'><strong>omnia</strong></span> <span class='ocrx_word' id='word_1_12' title='bbox 907 714 974 768; x_wconf 89' lang='lat' dir='ltr'><strong>ut</strong></span> <span class='ocrx_word' id='word_1_13' title='bbox 1036 709 1373 769; x_wconf 89' lang='lat' dir='ltr'><strong>necessario</strong></span> <span class='ocrx_word' id='word_1_14' title='bbox 1434 727 1466 766; x_wconf 93' lang='lat' dir='ltr'><strong>e</strong></span> <span class='ocrx_word' id='word_1_15' title='bbox 1527 707 1923 768; x_wconf 82' lang='lat' dir='ltr'><strong>monumentis</strong></span> <span class='ocrx_word' id='word_1_16' title='bbox 1977 707 2376 782; x_wconf 80' lang='lat' dir='ltr'><strong>coniciuntur,</strong></span> <span class='ocrx_word' id='word_1_17' title='bbox 2435 707 2519 766; x_wconf 88' lang='lat' dir='ltr'><strong>ita</strong></span> <span class='ocrx_word' id='word_1_18' title='bbox 2572 724 2663 764; x_wconf 85' lang='lat' dir='ltr'><strong>ac-</strong></span> 
     </span>
     <span class='ocr_line' id='line_1_4' title="bbox 424 809 2663 888; baseline -0.002 -15"><span class='ocrx_word' id='word_1_19' title='bbox 424 814 796 874; x_wconf 88' lang='lat' dir='ltr'><strong>curatissime</strong></span> <span class='ocrx_word' id='word_1_20' title='bbox 855 831 986 872; x_wconf 90' lang='lat' dir='ltr'><strong>cum</strong></span> <span class='ocrx_word' id='word_1_21' title='bbox 1034 811 1238 871; x_wconf 82' lang='lat' dir='ltr'><strong>fabula</strong></span> <span class='ocrx_word' id='word_1_22' title='bbox 1282 811 1608 888; x_wconf 88' lang='lat' dir='ltr'><strong>Euripidea</strong></span> <span class='ocrx_word' id='word_1_23' title='bbox 1653 810 2033 871; x_wconf 88' lang='lat' dir='ltr'><strong>consentiunt</strong></span> <span class='ocrx_word' id='word_1_24' title='bbox 2075 827 2271 886; x_wconf 90' lang='lat' dir='ltr'><strong>neque</strong></span> <span class='ocrx_word' id='word_1_25' title='bbox 2318 809 2441 869; x_wconf 92' lang='lat' dir='ltr'><strong>ullo</strong></span> <span class='ocrx_word' id='word_1_26' title='bbox 2486 814 2663 886; x_wconf 88' lang='lat' dir='ltr'><strong>pacto</strong></span> 
     </span>
     <span class='ocr_line' id='line_1_5' title="bbox 421 910 2663 994; baseline -0.002 -18"><span class='ocrx_word' id='word_1_27' title='bbox 421 916 548 977; x_wconf 86' lang='lat' dir='ltr'><strong>fieri</strong></span> <span class='ocrx_word' id='word_1_28' title='bbox 606 918 832 994; x_wconf 88' lang='lat' dir='ltr'><strong>potest,</strong></span> <span class='ocrx_word' id='word_1_29' title='bbox 895 914 1038 990; x_wconf 90' lang='lat' dir='ltr'><strong>quin</strong></span> <span class='ocrx_word' id='word_1_30' title='bbox 1100 914 1289 974; x_wconf 86' lang='lat' dir='ltr'><strong>altera</strong></span> <span class='ocrx_word' id='word_1_31' title='bbox 1343 913 1544 974; x_wconf 81' lang='lat' dir='ltr'><strong>fabula</strong></span> <span class='ocrx_word' id='word_1_32' title='bbox 1595 912 1669 973; x_wconf 89' lang='lat' dir='ltr'><strong>ad</strong></span> <span class='ocrx_word' id='word_1_33' title='bbox 1724 911 1970 972; x_wconf 88' lang='lat' dir='ltr'><strong>alterius</strong></span> <span class='ocrx_word' id='word_1_34' title='bbox 2014 911 2347 988; x_wconf 87' lang='lat' dir='ltr'><strong>exemplum</strong></span> <span class='ocrx_word' id='word_1_35' title='bbox 2392 910 2663 972; x_wconf 88' lang='lat' dir='ltr'><strong>instituta</strong></span> 
     </span>
     <span class='ocr_line' id='line_1_6' title="bbox 421 1014 2657 1094; baseline -0.002 -16"><span class='ocrx_word' id='word_1_36' title='bbox 421 1018 513 1079; x_wconf 89' lang='lat' dir='ltr'><strong>sit.</strong></span> <span class='ocrx_word' id='word_1_37' title='bbox 626 1019 843 1094; x_wconf 80' lang='lat' dir='ltr'><strong>Neque</strong></span> <span class='ocrx_word' id='word_1_38' title='bbox 915 1035 1071 1093; x_wconf 88' lang='lat' dir='ltr'><strong>quae</strong></span> <span class='ocrx_word' id='word_1_39' title='bbox 1146 1015 1456 1093; x_wconf 81' lang='lat' dir='ltr'>tragoedia</span> <span class='ocrx_word' id='word_1_40' title='bbox 1528 1016 1696 1092; x_wconf 90' lang='lat' dir='ltr'><strong>prior</strong></span> <span class='ocrx_word' id='word_1_41' title='bbox 1771 1014 1946 1075; x_wconf 90' lang='lat' dir='ltr'><strong>docta</strong></span> <span class='ocrx_word' id='word_1_42' title='bbox 2018 1015 2093 1074; x_wconf 89' lang='lat' dir='ltr'><strong>sit</strong></span> <span class='ocrx_word' id='word_1_43' title='bbox 2159 1017 2296 1092; x_wconf 90' lang='lat' dir='ltr'><strong>post</strong></span> <span class='ocrx_word' id='word_1_44' title='bbox 2362 1015 2657 1091; x_wconf 87' lang='lat' dir='ltr'><strong>egregiam</strong></span> 
     </span>
     <span class='ocr_line' id='line_1_7' title="bbox 421 1115 2661 1197; baseline -0.002 -16"><span class='ocrx_word' id='word_1_45' title='bbox 421 1120 850 1181; x_wconf 86' lang='lat' dir='ltr'><strong>Wilamowitzii</strong></span> <span class='ocrx_word' id='word_1_46' title='bbox 911 1116 1376 1197; x_wconf 88' lang='lat' dir='ltr'><strong>disputationem</strong></span> <span class='ocrx_word' id='word_1_47' title='bbox 1436 1119 1510 1178; x_wconf 90' lang='lat' dir='ltr'><strong>de</strong></span> <span class='ocrx_word' id='word_1_48' title='bbox 1555 1117 1820 1178; x_wconf 77' lang='lat' dir='ltr'><strong>Hercule</strong></span> <span class='ocrx_word' id='word_1_49' title='bbox 1866 1115 2194 1195; x_wconf 87' lang='lat' dir='ltr'><strong>Euripideo</strong></span> <span class='ocrx_word' id='word_1_50' title='bbox 2240 1117 2485 1177; x_wconf 89' lang='lat' dir='ltr'><strong>dubium</strong></span> <span class='ocrx_word' id='word_1_51' title='bbox 2530 1135 2661 1177; x_wconf 90' lang='lat' dir='ltr'><strong>esse</strong></span> 
     </span>
     <span class='ocr_line' id='line_1_8' title="bbox 421 1205 2657 1298; baseline -0.002 -16"><span class='ocrx_word' id='word_1_52' title='bbox 421 1225 635 1298; x_wconf 86' lang='lat' dir='ltr'><strong>potest.</strong></span> <span class='ocrx_word' id='word_1_53' title='bbox 733 1222 846 1282; x_wconf 90' lang='lat' dir='ltr'><strong>Ille</strong></span> <span class='ocrx_word' id='word_1_54' title='bbox 893 1205 1062 1281; x_wconf 67' lang='lat' dir='ltr'><strong>⁴enim</strong></span> <span class='ocrx_word' id='word_1_55' title='bbox 1125 1219 1328 1280; x_wconf 89' lang='lat' dir='ltr'><strong>docuit</strong></span> <span class='ocrx_word' id='word_1_56' title='bbox 1388 1217 1560 1279; x_wconf 89' lang='lat' dir='ltr'><strong>nimis</strong></span> <span class='ocrx_word' id='word_1_57' title='bbox 1613 1218 1931 1278; x_wconf 85' lang='lat' dir='ltr'><strong>artificiose</strong></span> <span class='ocrx_word' id='word_1_58' title='bbox 1978 1217 2323 1296; x_wconf 84' lang='lat' dir='ltr'><strong>Euripidem</strong></span> <span class='ocrx_word' id='word_1_59' title='bbox 2370 1219 2657 1279; x_wconf 85' lang='lat' dir='ltr'><strong>insaniam</strong></span> 
     </span>
     <span class='ocr_line' id='line_1_9' title="bbox 419 1317 2664 1392; baseline -0.002 -10"><span class='ocrx_word' id='word_1_60' title='bbox 419 1323 698 1382; x_wconf 89' lang='lat' dir='ltr'><strong>Herculis</strong></span> <span class='ocrx_word' id='word_1_61' title='bbox 759 1341 892 1383; x_wconf 90' lang='lat' dir='ltr'><strong>cum</strong></span> <span class='ocrx_word' id='word_1_62' title='bbox 953 1320 1325 1382; x_wconf 84' lang='lat' dir='ltr'><strong>sacrificandi</strong></span> <span class='ocrx_word' id='word_1_63' title='bbox 1385 1318 1733 1381; x_wconf 88' lang='lat' dir='ltr'><strong>condicione</strong></span> <span class='ocrx_word' id='word_1_64' title='bbox 1780 1317 2255 1392; x_wconf 86' lang='lat' dir='ltr'><strong>coniunxisse‚¹)</strong></span> <span class='ocrx_word' id='word_1_65' title='bbox 2301 1338 2435 1380; x_wconf 91' lang='lat' dir='ltr'><strong>cum</strong></span> <span class='ocrx_word' id='word_1_66' title='bbox 2480 1320 2664 1381; x_wconf 89' lang='lat' dir='ltr'><strong>heroa</strong></span> 
     </span>
     <span class='ocr_line' id='line_1_10' title="bbox 419 1422 2660 1502; baseline -0.001 -17"><span class='ocrx_word' id='word_1_67' title='bbox 419 1445 543 1486; x_wconf 91' lang='lat' dir='ltr'><strong>rem</strong></span> <span class='ocrx_word' id='word_1_68' title='bbox 603 1444 832 1486; x_wconf 86' lang='lat' dir='ltr'><strong>sacram</strong></span> <span class='ocrx_word' id='word_1_69' title='bbox 877 1425 1406 1502; x_wconf 86' lang='lat' dir='ltr'><strong>interrumpentem</strong></span> <span class='ocrx_word' id='word_1_70' title='bbox 1453 1423 1707 1494; x_wconf 88' lang='lat' dir='ltr'><strong>faceret,</strong></span> <span class='ocrx_word' id='word_1_71' title='bbox 1767 1440 1843 1482; x_wconf 91' lang='lat' dir='ltr'><strong>ne</strong></span> <span class='ocrx_word' id='word_1_72' title='bbox 1890 1425 2027 1482; x_wconf 86' lang='lat' dir='ltr'><strong>ante</strong></span> <span class='ocrx_word' id='word_1_73' title='bbox 2073 1423 2472 1500; x_wconf 82' lang='lat' dir='ltr'><strong>Eurysthenis</strong></span> <span class='ocrx_word' id='word_1_74' title='bbox 2515 1422 2660 1483; x_wconf 90' lang='lat' dir='ltr'><strong>filio-</strong></span> 
     </span>
     <span class='ocr_line' id='line_1_11' title="bbox 419 1525 2661 1605; baseline -0.001 -17"><span class='ocrx_word' id='word_1_75' title='bbox 419 1547 670 1605; x_wconf 85' lang='lat' dir='ltr'><strong>rumque</strong></span> <span class='ocrx_word' id='word_1_76' title='bbox 737 1529 865 1588; x_wconf 91' lang='lat' dir='ltr'><strong>eius</strong></span> <span class='ocrx_word' id='word_1_77' title='bbox 931 1528 1212 1588; x_wconf 91' lang='lat' dir='ltr'><strong>ultionem</strong></span> <span class='ocrx_word' id='word_1_78' title='bbox 1279 1526 1504 1586; x_wconf 86' lang='lat' dir='ltr'><strong>frustra</strong></span> <span class='ocrx_word' id='word_1_79' title='bbox 1569 1543 1782 1586; x_wconf 90' lang='lat' dir='ltr'><strong>manus</strong></span> <span class='ocrx_word' id='word_1_80' title='bbox 1848 1525 2152 1585; x_wconf 74' lang='lat' dir='ltr'><strong>lustraret.</strong></span> <span class='ocrx_word' id='word_1_81' title='bbox 2260 1527 2378 1586; x_wconf 86' lang='lat' dir='ltr'><strong>Pro</strong></span> <span class='ocrx_word' id='word_1_82' title='bbox 2446 1525 2661 1603; x_wconf 89' lang='lat' dir='ltr'><strong>quibus</strong></span> 
     </span>
     <span class='ocr_line' id='line_1_12' title="bbox 418 1627 2661 1708; baseline -0.001 -17"><span class='ocrx_word' id='word_1_83' title='bbox 418 1631 773 1708; x_wconf 81' lang='lat' dir='ltr'><strong>ambagibus</strong></span> <span class='ocrx_word' id='word_1_84' title='bbox 816 1631 877 1690; x_wconf 91' lang='lat' dir='ltr'><strong>in</strong></span> <span class='ocrx_word' id='word_1_85' title='bbox 920 1630 1240 1707; x_wconf 89' lang='lat' dir='ltr'><strong>Lycurgea</strong></span> <span class='ocrx_word' id='word_1_86' title='bbox 1285 1627 1384 1687; x_wconf 89' lang='lat' dir='ltr'><strong>illa</strong></span> <span class='ocrx_word' id='word_1_87' title='bbox 1429 1627 1640 1688; x_wconf 85' lang='lat' dir='ltr'><strong>fabula</strong></span> <span class='ocrx_word' id='word_1_88' title='bbox 1684 1629 1902 1688; x_wconf 86' lang='lat' dir='ltr'><strong>iustum</strong></span> <span class='ocrx_word' id='word_1_89' title='bbox 1950 1630 2009 1688; x_wconf 89' lang='lat' dir='ltr'><strong>et</strong></span> <span class='ocrx_word' id='word_1_90' title='bbox 2054 1628 2374 1705; x_wconf 81' lang='lat' dir='ltr'><strong>simplicem</strong></span> <span class='ocrx_word' id='word_1_91' title='bbox 2422 1628 2661 1688; x_wconf 91' lang='lat' dir='ltr'><strong>modum</strong></span> 
     </span>
     <span class='ocr_line' id='line_1_13' title="bbox 418 1730 2663 1809; baseline -0.001 -15"><span class='ocrx_word' id='word_1_92' title='bbox 418 1738 716 1794; x_wconf 86' lang='lat' dir='ltr'><strong>servatum</strong></span> <span class='ocrx_word' id='word_1_93' title='bbox 777 1731 962 1792; x_wconf 83' lang='lat' dir='ltr'><strong>fuisse</strong></span> <span class='ocrx_word' id='word_1_94' title='bbox 1023 1735 1296 1809; x_wconf 82' lang='lat' dir='ltr'><strong>apparet3</strong></span> <span class='ocrx_word' id='word_1_95' title='bbox 1360 1749 1495 1790; x_wconf 87' lang='lat' dir='ltr'><strong>nam</strong></span> <span class='ocrx_word' id='word_1_96' title='bbox 1559 1730 1687 1791; x_wconf 85' lang='lat' dir='ltr'><strong>sive</strong></span> <span class='ocrx_word' id='word_1_97' title='bbox 1746 1750 1853 1808; x_wconf 89' lang='lat' dir='ltr'><strong>pro</strong></span> <span class='ocrx_word' id='word_1_98' title='bbox 1908 1731 2149 1790; x_wconf 87' lang='lat' dir='ltr'><strong>victima</strong></span> <span class='ocrx_word' id='word_1_99' title='bbox 2205 1731 2331 1790; x_wconf 86' lang='lat' dir='ltr'><strong>sive</strong></span> <span class='ocrx_word' id='word_1_100' title='bbox 2385 1750 2494 1808; x_wconf 92' lang='lat' dir='ltr'><strong>pro</strong></span> <span class='ocrx_word' id='word_1_101' title='bbox 2540 1732 2663 1792; x_wconf 87' lang='lat' dir='ltr'><strong>vite</strong></span> 
     </span>
     <span class='ocr_line' id='line_1_14' title="bbox 419 1833 2661 1912; baseline -0.001 -16"><span class='ocrx_word' id='word_1_102' title='bbox 419 1855 523 1896; x_wconf 85' lang='lat' dir='ltr'><strong>rex</strong></span> <span class='ocrx_word' id='word_1_103' title='bbox 584 1836 764 1895; x_wconf 89' lang='lat' dir='ltr'><strong>filium</strong></span> <span class='ocrx_word' id='word_1_104' title='bbox 822 1834 1087 1912; x_wconf 86' lang='lat' dir='ltr'><strong>necavit,</strong></span> <span class='ocrx_word' id='word_1_105' title='bbox 1146 1834 1355 1911; x_wconf 90' lang='lat' dir='ltr'><strong>utique</strong></span> <span class='ocrx_word' id='word_1_106' title='bbox 1415 1834 1661 1893; x_wconf 86' lang='lat' dir='ltr'><strong>insanae</strong></span> <span class='ocrx_word' id='word_1_107' title='bbox 1718 1833 1880 1910; x_wconf 90' lang='lat' dir='ltr'><strong>regis</strong></span> <span class='ocrx_word' id='word_1_108' title='bbox 1925 1833 2318 1909; x_wconf 88' lang='lat' dir='ltr'><strong>cogitationes</strong></span> <span class='ocrx_word' id='word_1_109' title='bbox 2362 1835 2661 1910; x_wconf 78' lang='lat' dir='ltr'><strong>aptissime</strong></span> 
     </span>
     <span class='ocr_line' id='line_1_15' title="bbox 418 1935 2661 1998; baseline -0.001 0"><span class='ocrx_word' id='word_1_110' title='bbox 418 1957 548 1998; x_wconf 91' lang='lat' dir='ltr'><strong>cum</strong></span> <span class='ocrx_word' id='word_1_111' title='bbox 596 1941 723 1998; x_wconf 89' lang='lat' dir='ltr'><strong>tota</strong></span> <span class='ocrx_word' id='word_1_112' title='bbox 766 1955 965 1997; x_wconf 86' lang='lat' dir='ltr'><strong>rerum</strong></span> <span class='ocrx_word' id='word_1_113' title='bbox 1013 1935 1362 1997; x_wconf 79' lang='lat' dir='ltr'><strong>condiclone</strong></span> <span class='ocrx_word' id='word_1_114' title='bbox 1409 1935 1831 1996; x_wconf 84' lang='lat' dir='ltr'><strong>cohaerebant.</strong></span> <span class='ocrx_word' id='word_1_115' title='bbox 1919 1936 2071 1995; x_wconf 89' lang='lat' dir='ltr'><strong>Tum</strong></span> <span class='ocrx_word' id='word_1_116' title='bbox 2112 1935 2555 1996; x_wconf 83' lang='lat' dir='ltr'><strong>animadvertas</strong></span> <span class='ocrx_word' id='word_1_117' title='bbox 2586 1955 2661 1996; x_wconf 91' lang='lat' dir='ltr'><strong>ne</strong></span> 
     </span>
     <span class='ocr_line' id='line_1_16' title="bbox 416 2039 2660 2118; baseline -0.001 -17"><span class='ocrx_word' id='word_1_118' title='bbox 416 2041 476 2100; x_wconf 90' lang='lat' dir='ltr'><strong>id</strong></span> <span class='ocrx_word' id='word_1_119' title='bbox 525 2042 764 2118; x_wconf 88' lang='lat' dir='ltr'><strong>quidem</strong></span> <span class='ocrx_word' id='word_1_120' title='bbox 811 2041 886 2100; x_wconf 90' lang='lat' dir='ltr'><strong>ab</strong></span> <span class='ocrx_word' id='word_1_121' title='bbox 932 2039 1220 2117; x_wconf 85' lang='lat' dir='ltr'><strong>Euripide</strong></span> <span class='ocrx_word' id='word_1_122' title='bbox 1267 2039 1411 2098; x_wconf 85' lang='lat' dir='ltr'><strong>satis</strong></span> <span class='ocrx_word' id='word_1_123' title='bbox 1458 2039 1889 2116; x_wconf 83' lang='lat' dir='ltr'><strong>circumspecte</strong></span> <span class='ocrx_word' id='word_1_124' title='bbox 1936 2039 2244 2099; x_wconf 89' lang='lat' dir='ltr'><strong>inventum</strong></span> <span class='ocrx_word' id='word_1_125' title='bbox 2292 2057 2451 2116; x_wconf 88' lang='lat' dir='ltr'><strong>esse,</strong></span> <span class='ocrx_word' id='word_1_126' title='bbox 2497 2040 2660 2116; x_wconf 90' lang='lat' dir='ltr'><strong>quod</strong></span> 
     </span>
     <span class='ocr_line' id='line_1_17' title="bbox 419 2141 2657 2221; baseline -0.001 -18"><span class='ocrx_word' id='word_1_127' title='bbox 419 2144 712 2204; x_wconf 87' lang='lat' dir='ltr'><strong>Hercules</strong></span> <span class='ocrx_word' id='word_1_128' title='bbox 770 2144 1004 2221; x_wconf 83' lang='lat' dir='ltr'><strong>sagittis</strong></span> <span class='ocrx_word' id='word_1_129' title='bbox 1067 2142 1359 2219; x_wconf 89' lang='lat' dir='ltr'><strong>clavoque</strong></span> <span class='ocrx_word' id='word_1_130' title='bbox 1417 2141 1568 2202; x_wconf 88' lang='lat' dir='ltr'><strong>filios</strong></span> <span class='ocrx_word' id='word_1_131' title='bbox 1627 2159 1768 2202; x_wconf 90' lang='lat' dir='ltr'><strong>suos</strong></span> <span class='ocrx_word' id='word_1_132' title='bbox 1821 2141 2059 2213; x_wconf 83' lang='lat' dir='ltr'><strong>occidit3</strong></span> <span class='ocrx_word' id='word_1_133' title='bbox 2118 2143 2448 2202; x_wconf 78' lang='lat' dir='ltr'><strong>rectissIme</strong></span> <span class='ocrx_word' id='word_1_134' title='bbox 2505 2143 2657 2202; x_wconf 89' lang='lat' dir='ltr'><strong>enim</strong></span> 
     </span>
     <span class='ocr_line' id='line_1_18' title="bbox 418 2242 2659 2321; baseline -0.001 -15"><span class='ocrx_word' id='word_1_135' title='bbox 418 2246 904 2306; x_wconf 88' lang='lat' dir='ltr'><strong>Wilamowitzius</strong></span> <span class='ocrx_word' id='word_1_136' title='bbox 960 2245 1292 2321; x_wconf 85' lang='lat' dir='ltr'><strong>interrogat</strong></span> <span class='ocrx_word' id='word_1_137' title='bbox 1353 2245 1454 2321; x_wconf 88' lang='lat' dir='ltr'><strong>qui</strong></span> <span class='ocrx_word' id='word_1_138' title='bbox 1512 2242 1641 2303; x_wconf 85' lang='lat' dir='ltr'><strong>fieri</strong></span> <span class='ocrx_word' id='word_1_139' title='bbox 1702 2245 1988 2319; x_wconf 86' lang='lat' dir='ltr'><strong>potuerit,</strong></span> <span class='ocrx_word' id='word_1_140' title='bbox 2049 2248 2114 2304; x_wconf 93' lang='lat' dir='ltr'><strong>ut</strong></span> <span class='ocrx_word' id='word_1_141' title='bbox 2173 2244 2418 2304; x_wconf 87' lang='lat' dir='ltr'><strong>Herculi</strong></span> <span class='ocrx_word' id='word_1_142' title='bbox 2479 2246 2537 2304; x_wconf 88' lang='lat' dir='ltr'><strong>in</strong></span> <span class='ocrx_word' id='word_1_143' title='bbox 2593 2263 2659 2304; x_wconf 89' lang='lat' dir='ltr'><strong>re</strong></span> 
     </span>
     <span class='ocr_line' id='line_1_19' title="bbox 415 2347 2657 2425; baseline -0.001 -17"><span class='ocrx_word' id='word_1_144' title='bbox 415 2362 590 2408; x_wconf 86' lang='lat' dir='ltr'><strong>sacra</strong></span> <span class='ocrx_word' id='word_1_145' title='bbox 646 2347 922 2409; x_wconf 86' lang='lat' dir='ltr'><strong>facienda</strong></span> <span class='ocrx_word' id='word_1_146' title='bbox 982 2366 1149 2408; x_wconf 88' lang='lat' dir='ltr'><strong>arma</strong></span> <span class='ocrx_word' id='word_1_147' title='bbox 1205 2351 1446 2425; x_wconf 87' lang='lat' dir='ltr'><strong>praesto</strong></span> <span class='ocrx_word' id='word_1_148' title='bbox 1508 2350 1735 2424; x_wconf 88' lang='lat' dir='ltr'><strong>essent,</strong></span> <span class='ocrx_word' id='word_1_149' title='bbox 1796 2347 2011 2424; x_wconf 90' lang='lat' dir='ltr'><strong>quibus</strong></span> <span class='ocrx_word' id='word_1_150' title='bbox 2063 2347 2284 2408; x_wconf 88' lang='lat' dir='ltr'><strong>liberos</strong></span> <span class='ocrx_word' id='word_1_151' title='bbox 2343 2347 2657 2407; x_wconf 88' lang='lat' dir='ltr'><strong>occideret.</strong></span> 
     </span>
     <span class='ocr_line' id='line_1_20' title="bbox 418 2447 2658 2528; baseline -0.001 -16"><span class='ocrx_word' id='word_1_152' title='bbox 418 2451 642 2512; x_wconf 85' lang='lat' dir='ltr'><strong>Contra</strong></span> <span class='ocrx_word' id='word_1_153' title='bbox 687 2451 1004 2528; x_wconf 88' lang='lat' dir='ltr'><strong>Lycurgus</strong></span> <span class='ocrx_word' id='word_1_154' title='bbox 1063 2447 1306 2528; x_wconf 87' lang='lat' dir='ltr'><strong>bipenni</strong></span> <span class='ocrx_word' id='word_1_155' title='bbox 1366 2449 1546 2508; x_wconf 88' lang='lat' dir='ltr'><strong>filium</strong></span> <span class='ocrx_word' id='word_1_156' title='bbox 1608 2454 1809 2526; x_wconf 88' lang='lat' dir='ltr'><strong>necat,</strong></span> <span class='ocrx_word' id='word_1_157' title='bbox 1868 2466 2044 2526; x_wconf 88' lang='lat' dir='ltr'><strong>quam</strong></span> <span class='ocrx_word' id='word_1_158' title='bbox 2107 2450 2183 2509; x_wconf 88' lang='lat' dir='ltr'><strong>ad</strong></span> <span class='ocrx_word' id='word_1_159' title='bbox 2241 2449 2495 2510; x_wconf 85' lang='lat' dir='ltr'><strong>hostiam</strong></span> <span class='ocrx_word' id='word_1_160' title='bbox 2556 2450 2658 2509; x_wconf 89' lang='lat' dir='ltr'><strong>im·</strong></span> 
     </span>
     <span class='ocr_line' id='line_1_21' title="bbox 417 2548 2659 2630; baseline -0.002 -16"><span class='ocrx_word' id='word_1_161' title='bbox 417 2553 753 2614; x_wconf 88' lang='lat' dir='ltr'><strong>molandam</strong></span> <span class='ocrx_word' id='word_1_162' title='bbox 815 2555 926 2613; x_wconf 90' lang='lat' dir='ltr'><strong>iam</strong></span> <span class='ocrx_word' id='word_1_163' title='bbox 991 2557 1310 2630; x_wconf 85' lang='lat' dir='ltr'><strong>antequam</strong></span> <span class='ocrx_word' id='word_1_164' title='bbox 1373 2553 1429 2612; x_wconf 90' lang='lat' dir='ltr'><strong>in</strong></span> <span class='ocrx_word' id='word_1_165' title='bbox 1491 2548 1754 2612; x_wconf 82' lang='lat' dir='ltr'><strong>furorem</strong></span> <span class='ocrx_word' id='word_1_166' title='bbox 1814 2552 2023 2612; x_wconf 89' lang='lat' dir='ltr'><strong>incidit</strong></span> <span class='ocrx_word' id='word_1_167' title='bbox 2076 2554 2133 2612; x_wconf 90' lang='lat' dir='ltr'><strong>in</strong></span> <span class='ocrx_word' id='word_1_168' title='bbox 2180 2553 2659 2613; x_wconf 87' lang='lat' dir='ltr'><strong>manutenebat.</strong></span> 
     </span>
     <span class='ocr_line' id='line_1_22' title="bbox 416 2654 2655 2731; baseline -0.001 -15"><span class='ocrx_word' id='word_1_169' title='bbox 416 2656 648 2731; x_wconf 81' lang='lat' dir='ltr'><strong>Quibus</strong></span> <span class='ocrx_word' id='word_1_170' title='bbox 715 2657 788 2717; x_wconf 90' lang='lat' dir='ltr'><strong>de</strong></span> <span class='ocrx_word' id='word_1_171' title='bbox 858 2657 1052 2716; x_wconf 88' lang='lat' dir='ltr'><strong>causis</strong></span> <span class='ocrx_word' id='word_1_172' title='bbox 1117 2654 1473 2716; x_wconf 86' lang='lat' dir='ltr'><strong>adducimur</strong></span> <span class='ocrx_word' id='word_1_173' title='bbox 1541 2660 1606 2717; x_wconf 90' lang='lat' dir='ltr'><strong>ut</strong></span> <span class='ocrx_word' id='word_1_174' title='bbox 1672 2659 1879 2715; x_wconf 89' lang='lat' dir='ltr'><strong>nostro</strong></span> <span class='ocrx_word' id='word_1_175' title='bbox 1946 2655 2075 2716; x_wconf 89' lang='lat' dir='ltr'><strong>iure</strong></span> <span class='ocrx_word' id='word_1_176' title='bbox 2141 2659 2471 2715; x_wconf 82' lang='lat' dir='ltr'><strong>statuamus</strong></span> <span class='ocrx_word' id='word_1_177' title='bbox 2536 2675 2655 2716; x_wconf 88' lang='lat' dir='ltr'><strong>non</strong></span> 
     </span>
     <span class='ocr_line' id='line_1_23' title="bbox 416 2757 2659 2837; baseline -0.001 -17"><span class='ocrx_word' id='word_1_178' title='bbox 416 2759 786 2837; x_wconf 87' lang='lat' dir='ltr'><strong>tragoediam</strong></span> <span class='ocrx_word' id='word_1_179' title='bbox 848 2760 1030 2830; x_wconf 86' lang='lat' dir='ltr'><strong>illam,</strong></span> <span class='ocrx_word' id='word_1_180' title='bbox 1092 2757 1169 2818; x_wconf 90' lang='lat' dir='ltr'><strong>ad</strong></span> <span class='ocrx_word' id='word_1_181' title='bbox 1231 2777 1408 2836; x_wconf 89' lang='lat' dir='ltr'><strong>quam</strong></span> <span class='ocrx_word' id='word_1_182' title='bbox 1469 2763 1854 2818; x_wconf 90' lang='lat' dir='ltr'><strong>monumenta</strong></span> <span class='ocrx_word' id='word_1_183' title='bbox 1905 2763 2203 2837; x_wconf 89' lang='lat' dir='ltr'><strong>spectant,</strong></span> <span class='ocrx_word' id='word_1_184' title='bbox 2260 2757 2334 2818; x_wconf 91' lang='lat' dir='ltr'><strong>ad</strong></span> <span class='ocrx_word' id='word_1_185' title='bbox 2380 2759 2659 2818; x_wconf 90' lang='lat' dir='ltr'><strong>Herculis</strong></span> 
     </span>
     <span class='ocr_line' id='line_1_24' title="bbox 417 2859 2654 2939; baseline -0 -18"><span class='ocrx_word' id='word_1_186' title='bbox 417 2860 774 2939; x_wconf 88' lang='lat' dir='ltr'><strong>Euripideae</strong></span> <span class='ocrx_word' id='word_1_187' title='bbox 842 2861 1182 2938; x_wconf 86' lang='lat' dir='ltr'><strong>exemplum</strong></span> <span class='ocrx_word' id='word_1_188' title='bbox 1253 2861 1640 2937; x_wconf 84' lang='lat' dir='ltr'><strong>compositam</strong></span> <span class='ocrx_word' id='word_1_189' title='bbox 1707 2859 1893 2921; x_wconf 82' lang='lat' dir='ltr'><strong>fuisse</strong></span> <span class='ocrx_word' id='word_1_190' title='bbox 1952 2860 2059 2921; x_wconf 89' lang='lat' dir='ltr'><strong>sed</strong></span> <span class='ocrx_word' id='word_1_191' title='bbox 2119 2860 2465 2938; x_wconf 84' lang='lat' dir='ltr'><strong>Euripidem</strong></span> <span class='ocrx_word' id='word_1_192' title='bbox 2528 2879 2654 2920; x_wconf 90' lang='lat' dir='ltr'><strong>eam</strong></span> 
     </span>
     <span class='ocr_line' id='line_1_25' title="bbox 415 2962 2658 3040; baseline 0 -16"><span class='ocrx_word' id='word_1_193' title='bbox 415 2965 701 3025; x_wconf 87' lang='lat' dir='ltr'><strong>imitatum</strong></span> <span class='ocrx_word' id='word_1_194' title='bbox 763 2968 822 3023; x_wconf 88' lang='lat' dir='ltr'><strong>et</strong></span> <span class='ocrx_word' id='word_1_195' title='bbox 882 2967 947 3022; x_wconf 86' lang='lat' dir='ltr'><strong>ut</strong></span> <span class='ocrx_word' id='word_1_196' title='bbox 1007 2962 1338 3040; x_wconf 87' lang='lat' dir='ltr'><strong>exemplum</strong></span> <span class='ocrx_word' id='word_1_197' title='bbox 1401 2967 1718 3040; x_wconf 88' lang='lat' dir='ltr'><strong>superaret</strong></span> <span class='ocrx_word' id='word_1_198' title='bbox 1770 2964 1845 3022; x_wconf 89' lang='lat' dir='ltr'><strong>ad</strong></span> <span class='ocrx_word' id='word_1_199' title='bbox 1902 2962 2222 3024; x_wconf 87' lang='lat' dir='ltr'><strong>a1·tifici0sa</strong></span> <span class='ocrx_word' id='word_1_200' title='bbox 2266 2964 2371 3023; x_wconf 90' lang='lat' dir='ltr'><strong>illa</strong></span> <span class='ocrx_word' id='word_1_201' title='bbox 2414 2963 2658 3024; x_wconf 84' lang='lat' dir='ltr'><strong>inventa</strong></span> 
     </span>
     <span class='ocr_line' id='line_1_26' title="bbox 417 3065 2655 3143; baseline 0.001 -17"><span class='ocrx_word' id='word_1_202' title='bbox 417 3067 677 3126; x_wconf 90' lang='lat' dir='ltr'><strong>delatum</strong></span> <span class='ocrx_word' id='word_1_203' title='bbox 725 3084 872 3126; x_wconf 86' lang='lat' dir='ltr'><strong>esse.</strong></span> <span class='ocrx_word' id='word_1_204' title='bbox 961 3066 1264 3126; x_wconf 89' lang='lat' dir='ltr'><strong>Tenemus</strong></span> <span class='ocrx_word' id='word_1_205' title='bbox 1307 3067 1490 3143; x_wconf 85' lang='lat' dir='ltr'><strong>igitur</strong></span> <span class='ocrx_word' id='word_1_206' title='bbox 1535 3067 1909 3143; x_wconf 88' lang='lat' dir='ltr'><strong>Lycurgeam</strong></span> <span class='ocrx_word' id='word_1_207' title='bbox 1951 3065 2249 3142; x_wconf 86' lang='lat' dir='ltr'><strong>quandam</strong></span> <span class='ocrx_word' id='word_1_208' title='bbox 2282 3071 2419 3126; x_wconf 89' lang='lat' dir='ltr'><strong>ante</strong></span> <span class='ocrx_word' id='word_1_209' title='bbox 2449 3087 2499 3126; x_wconf 87' lang='lat' dir='ltr'><strong>a.</strong></span> <span class='ocrx_word' id='word_1_210' title='bbox 2531 3071 2655 3128; x_wconf 84' lang='lat'><strong>424</strong></span> 
     </span>
     <span class='ocr_line' id='line_1_27' title="bbox 416 3169 2656 3246; baseline 0.002 -19"><span class='ocrx_word' id='word_1_211' title='bbox 416 3169 678 3240; x_wconf 87' lang='lat' dir='ltr'><strong>doctam,</strong></span> <span class='ocrx_word' id='word_1_212' title='bbox 740 3173 879 3228; x_wconf 93' lang='lat' dir='ltr'><strong>ante</strong></span> <span class='ocrx_word' id='word_1_213' title='bbox 939 3187 1114 3245; x_wconf 90' lang='lat' dir='ltr'><strong>quem</strong></span> <span class='ocrx_word' id='word_1_214' title='bbox 1179 3188 1396 3228; x_wconf 90' lang='lat' dir='ltr'><strong>annum</strong></span> <span class='ocrx_word' id='word_1_215' title='bbox 1445 3169 1763 3229; x_wconf 83' lang='lat' dir='ltr'><strong>Herculem</strong></span> <span class='ocrx_word' id='word_1_216' title='bbox 1812 3169 2013 3228; x_wconf 89' lang='lat' dir='ltr'><strong>doceri</strong></span> <span class='ocrx_word' id='word_1_217' title='bbox 2059 3171 2331 3246; x_wconf 90' lang='lat' dir='ltr'><strong>potuisse</strong></span> <span class='ocrx_word' id='word_1_218' title='bbox 2377 3169 2656 3231; x_wconf 86' lang='lat' dir='ltr'><strong>Wilamo-</strong></span> 
     </span>
     <span class='ocr_line' id='line_1_28' title="bbox 415 3271 2657 3349; baseline 0.001 -19"><span class='ocrx_word' id='word_1_219' title='bbox 415 3272 646 3332; x_wconf 88' lang='lat' dir='ltr'><strong>witzius</strong></span> <span class='ocrx_word' id='word_1_220' title='bbox 701 3276 906 3349; x_wconf 87' lang='lat' dir='ltr'><strong>negat,</strong></span> <span class='ocrx_word' id='word_1_221' title='bbox 967 3273 1026 3331; x_wconf 89' lang='lat' dir='ltr'><strong>in</strong></span> <span class='ocrx_word' id='word_1_222' title='bbox 1085 3271 1183 3330; x_wconf 89' lang='lat' dir='ltr'><strong>lV.</strong></span> <span class='ocrx_word' id='word_1_223' title='bbox 1227 3272 1468 3331; x_wconf 82' lang='lat' dir='ltr'><strong>saeculo</strong></span> <span class='ocrx_word' id='word_1_224' title='bbox 1514 3271 1589 3331; x_wconf 91' lang='lat' dir='ltr'><strong>ab</strong></span> <span class='ocrx_word' id='word_1_225' title='bbox 1635 3271 1961 3332; x_wconf 83' lang='lat' dir='ltr'><strong>artificibus</strong></span> <span class='ocrx_word' id='word_1_226' title='bbox 2004 3289 2437 3349; x_wconf 90' lang='lat' dir='ltr'><strong>saepenumero</strong></span> <span class='ocrx_word' id='word_1_227' title='bbox 2484 3274 2657 3333; x_wconf 90' lang='lat' dir='ltr'><strong>lineis</strong></span> 
     </span>
     <span class='ocr_line' id='line_1_29' title="bbox 417 3373 2657 3452; baseline 0.002 -20"><span class='ocrx_word' id='word_1_228' title='bbox 417 3375 923 3451; x_wconf 89' lang='lat' dir='ltr'><strong>circumscriptam</strong></span> <span class='ocrx_word' id='word_1_229' title='bbox 1000 3392 1131 3434; x_wconf 90' lang='lat' dir='ltr'><strong>esse</strong></span> <span class='ocrx_word' id='word_1_230' title='bbox 1205 3391 1402 3450; x_wconf 88' lang='lat' dir='ltr'><strong>neque</strong></span> <span class='ocrx_word' id='word_1_231' title='bbox 1469 3375 1746 3433; x_wconf 88' lang='lat' dir='ltr'><strong>Romanis</strong></span> <span class='ocrx_word' id='word_1_232' title='bbox 1820 3373 2058 3450; x_wconf 89' lang='lat' dir='ltr'><strong>quidem</strong></span> <span class='ocrx_word' id='word_1_233' title='bbox 2128 3376 2385 3452; x_wconf 89' lang='lat' dir='ltr'><strong>ignotam</strong></span> <span class='ocrx_word' id='word_1_234' title='bbox 2455 3376 2657 3437; x_wconf 86' lang='lat' dir='ltr'><strong>fuisse.</strong></span> 
     </span>
     <span class='ocr_line' id='line_1_30' title="bbox 415 3476 2657 3556; baseline 0.002 -21"><span class='ocrx_word' id='word_1_235' title='bbox 415 3476 608 3550; x_wconf 81' lang='lat' dir='ltr'><strong>Quam</strong></span> <span class='ocrx_word' id='word_1_236' title='bbox 655 3477 1023 3553; x_wconf 87' lang='lat' dir='ltr'><strong>tragoediam</strong></span> <span class='ocrx_word' id='word_1_237' title='bbox 1072 3476 1352 3552; x_wconf 87' lang='lat' dir='ltr'><strong>Aeschyli</strong></span> <span class='ocrx_word' id='word_1_238' title='bbox 1401 3477 1730 3536; x_wconf 88' lang='lat' dir='ltr'><strong>Neaniscos</strong></span> <span class='ocrx_word' id='word_1_239' title='bbox 1776 3494 1906 3537; x_wconf 90' lang='lat' dir='ltr'><strong>esse</strong></span> <span class='ocrx_word' id='word_1_240' title='bbox 1953 3496 2085 3537; x_wconf 88' lang='lat' dir='ltr'><strong>cum</strong></span> <span class='ocrx_word' id='word_1_241' title='bbox 2133 3482 2345 3554; x_wconf 89' lang='lat' dir='ltr'><strong>sponte</strong></span> <span class='ocrx_word' id='word_1_242' title='bbox 2376 3483 2544 3556; x_wconf 86' lang='lat' dir='ltr'><strong>patet</strong></span> <span class='ocrx_word' id='word_1_243' title='bbox 2572 3509 2657 3520; x_wconf 81' lang='lat'><strong>—-</strong></span> 
     </span>
     <span class='ocr_line' id='line_1_31' title="bbox 415 3569 2655 3659; baseline 0.002 -22"><span class='ocrx_word' id='word_1_244' title='bbox 415 3597 612 3656; x_wconf 89' lang='lat' dir='ltr'><strong>neque</strong></span> <span class='ocrx_word' id='word_1_245' title='bbox 657 3580 811 3638; x_wconf 91' lang='lat' dir='ltr'><strong>enim</strong></span> <span class='ocrx_word' id='word_1_246' title='bbox 859 3577 933 3638; x_wconf 93' lang='lat' dir='ltr'><strong>de</strong></span> <span class='ocrx_word' id='word_1_247' title='bbox 978 3578 1521 3655; x_wconf 86' lang='lat' dir='ltr'><strong>Polyphradmonis</strong></span> <span class='ocrx_word' id='word_1_248' title='bbox 1566 3579 1886 3656; x_wconf 87' lang='lat' dir='ltr'><strong>Lycurgea</strong></span> <span class='ocrx_word' id='word_1_249' title='bbox 1916 3569 2231 3657; x_wconf 77' lang='lat' dir='ltr'><strong>quIsquam</strong></span> <span class='ocrx_word' id='word_1_250' title='bbox 2262 3582 2545 3659; x_wconf 84' lang='lat' dir='ltr'><strong>cogitabit</strong></span> <span class='ocrx_word' id='word_1_251' title='bbox 2571 3613 2655 3622; x_wconf 90' lang='lat'><strong>—-</strong></span> 
     </span>
     <span class='ocr_line' id='line_1_32' title="bbox 413 3680 2657 3762; baseline 0.001 -22"><span class='ocrx_word' id='word_1_252' title='bbox 413 3685 534 3741; x_wconf 85' lang='lat' dir='ltr'><strong>tum</strong></span> <span class='ocrx_word' id='word_1_253' title='bbox 583 3685 749 3741; x_wconf 87' lang='lat' dir='ltr'><strong>certa</strong></span> <span class='ocrx_word' id='word_1_254' title='bbox 794 3680 1013 3740; x_wconf 88' lang='lat' dir='ltr'><strong>indicia</strong></span> <span class='ocrx_word' id='word_1_255' title='bbox 1057 3680 1426 3741; x_wconf 87' lang='lat' dir='ltr'><strong>confirmant.</strong></span> <span class='ocrx_word' id='word_1_256' title='bbox 1514 3682 1669 3741; x_wconf 86' lang='lat' dir='ltr'><strong>Nam</strong></span> <span class='ocrx_word' id='word_1_257' title='bbox 1717 3682 1877 3760; x_wconf 89' lang='lat' dir='ltr'><strong>quod</strong></span> <span class='ocrx_word' id='word_1_258' title='bbox 1912 3683 2244 3760; x_wconf 87' lang='lat' dir='ltr'><strong>Apollinem</strong></span> <span class='ocrx_word' id='word_1_259' title='bbox 2292 3683 2351 3743; x_wconf 90' lang='lat' dir='ltr'><strong>in</strong></span> <span class='ocrx_word' id='word_1_260' title='bbox 2386 3685 2431 3745; x_wconf 81' lang='lat' dir='ltr'>O</span> <span class='ocrx_word' id='word_1_261' title='bbox 2470 3703 2657 3762; x_wconf 87' lang='lat' dir='ltr'><strong>supra</strong></span> 
     </span>
     <span class='ocr_line' id='line_1_33' title="bbox 413 3783 2653 3863; baseline 0.002 -22"><span class='ocrx_word' id='word_1_262' title='bbox 413 3801 574 3842; x_wconf 87' lang='lat' dir='ltr'><strong>aram</strong></span> <span class='ocrx_word' id='word_1_263' title='bbox 635 3783 1040 3843; x_wconf 89' lang='lat' dir='ltr'><strong>considentem</strong></span> <span class='ocrx_word' id='word_1_264' title='bbox 1097 3784 1369 3844; x_wconf 87' lang='lat' dir='ltr'><strong>videmus</strong></span> <span class='ocrx_word' id='word_1_265' title='bbox 1417 3788 1476 3842; x_wconf 91' lang='lat' dir='ltr'><strong>et</strong></span> <span class='ocrx_word' id='word_1_266' title='bbox 1519 3785 1579 3843; x_wconf 89' lang='lat' dir='ltr'><strong>in</strong></span> <span class='ocrx_word' id='word_1_267' title='bbox 1627 3785 1652 3843; x_wconf 96' lang='grc' dir='ltr'><strong>Ι</strong></span> <span class='ocrx_word' id='word_1_268' title='bbox 1701 3786 1909 3861; x_wconf 88' lang='lat' dir='ltr'><strong>regina</strong></span> <span class='ocrx_word' id='word_1_269' title='bbox 1954 3791 2095 3846; x_wconf 88' lang='lat' dir='ltr'><strong>ante</strong></span> <span class='ocrx_word' id='word_1_270' title='bbox 2140 3787 2432 3863; x_wconf 87' lang='lat' dir='ltr'><strong>Apollinis</strong></span> <span class='ocrx_word' id='word_1_271' title='bbox 2478 3788 2653 3846; x_wconf 87' lang='lat' dir='ltr'><strong>simu-</strong></span> 
     </span>
     <span class='ocr_line' id='line_1_34' title="bbox 415 3884 2656 3965; baseline 0.002 -21"><span class='ocrx_word' id='word_1_272' title='bbox 415 3886 642 3944; x_wconf 87' lang='lat' dir='ltr'><strong>lacrum</strong></span> <span class='ocrx_word' id='word_1_273' title='bbox 689 3884 982 3945; x_wconf 89' lang='lat' dir='ltr'><strong>occiditur</strong></span> <span class='ocrx_word' id='word_1_274' title='bbox 1026 3889 1085 3944; x_wconf 91' lang='lat' dir='ltr'><strong>et</strong></span> <span class='ocrx_word' id='word_1_275' title='bbox 1131 3887 1190 3945; x_wconf 92' lang='lat' dir='ltr'><strong>in</strong></span> <span class='ocrx_word' id='word_1_276' title='bbox 1237 3887 1293 3945; x_wconf 92' lang='lat' dir='ltr'>D</span> <span class='ocrx_word' id='word_1_277' title='bbox 1337 3886 1540 3945; x_wconf 88' lang='lat' dir='ltr'><strong>laurus</strong></span> <span class='ocrx_word' id='word_1_278' title='bbox 1571 3885 1813 3963; x_wconf 87' lang='lat' dir='ltr'><strong>depicta</strong></span> <span class='ocrx_word' id='word_1_279' title='bbox 1844 3891 1952 3965; x_wconf 90' lang='lat' dir='ltr'><strong>est,</strong></span> <span class='ocrx_word' id='word_1_280' title='bbox 1996 3887 2241 3949; x_wconf 90' lang='lat' dir='ltr'><strong>dubium</strong></span> <span class='ocrx_word' id='word_1_281' title='bbox 2274 3907 2403 3949; x_wconf 89' lang='lat' dir='ltr'><strong>esse</strong></span> <span class='ocrx_word' id='word_1_282' title='bbox 2434 3891 2656 3965; x_wconf 87' lang='lat' dir='ltr'><strong>nequit,</strong></span> 
     </span>
     <span class='ocr_line' id='line_1_35' title="bbox 414 3986 2653 4068; baseline 0.003 -22"><span class='ocrx_word' id='word_1_283' title='bbox 414 3987 556 4063; x_wconf 89' lang='lat' dir='ltr'><strong>quin</strong></span> <span class='ocrx_word' id='word_1_284' title='bbox 604 3988 918 4065; x_wconf 87' lang='lat' dir='ltr'><strong>Lycurgus</strong></span> <span class='ocrx_word' id='word_1_285' title='bbox 963 3988 1226 4064; x_wconf 90' lang='lat' dir='ltr'><strong>Apollini</strong></span> <span class='ocrx_word' id='word_1_286' title='bbox 1287 3986 1466 4048; x_wconf 83' lang='lat' dir='ltr'><strong>fuerit</strong></span> <span class='ocrx_word' id='word_1_287' title='bbox 1510 3988 1981 4063; x_wconf 88' lang='lat' dir='ltr'><strong>sacrificaturus,</strong></span> <span class='ocrx_word' id='word_1_288' title='bbox 2038 3993 2209 4052; x_wconf 88' lang='lat' dir='ltr'><strong>cuius</strong></span> <span class='ocrx_word' id='word_1_289' title='bbox 2252 3992 2346 4051; x_wconf 91' lang='lat' dir='ltr'><strong>dei</strong></span> <span class='ocrx_word' id='word_1_290' title='bbox 2393 3997 2653 4068; x_wconf 89' lang='lat' dir='ltr'><strong>quantae</strong></span> 
     </span>
     <span class='ocr_line' id='line_1_36' title="bbox 411 4090 2651 4170; baseline 0.002 -22"><span class='ocrx_word' id='word_1_291' title='bbox 411 4092 614 4166; x_wconf 87' lang='lat' dir='ltr'><strong>partes</strong></span> <span class='ocrx_word' id='word_1_292' title='bbox 659 4090 718 4148; x_wconf 91' lang='lat' dir='ltr'><strong>in</strong></span> <span class='ocrx_word' id='word_1_293' title='bbox 769 4091 1047 4168; x_wconf 88' lang='lat' dir='ltr'><strong>Aeschyli</strong></span> <span class='ocrx_word' id='word_1_294' title='bbox 1094 4092 1413 4168; x_wconf 87' lang='lat' dir='ltr'><strong>Lycurgea</strong></span> <span class='ocrx_word' id='word_1_295' title='bbox 1458 4091 1681 4151; x_wconf 87' lang='lat' dir='ltr'><strong>fuerint</strong></span> <span class='ocrx_word' id='word_1_296' title='bbox 1723 4111 1907 4170; x_wconf 85' lang='lat' dir='ltr'><strong>supra</strong></span> <span class='ocrx_word' id='word_1_297' title='bbox 1951 4095 2098 4153; x_wconf 87' lang='lat' dir='ltr'><strong>satis</strong></span> <span class='ocrx_word' id='word_1_298' title='bbox 2138 4094 2385 4154; x_wconf 91' lang='lat' dir='ltr'><strong>ostendi.</strong></span> <span class='ocrx_word' id='word_1_299' title='bbox 2474 4094 2651 4169; x_wconf 81' lang='lat' dir='ltr'><strong>Quod</strong></span> 
     </span>
     <span class='ocr_line' id='line_1_37' title="bbox 413 4191 2650 4273; baseline 0.003 -23"><span class='ocrx_word' id='word_1_300' title='bbox 413 4192 606 4268; x_wconf 88' lang='lat' dir='ltr'><strong>pictor</strong></span> <span class='ocrx_word' id='word_1_301' title='bbox 665 4191 992 4269; x_wconf 90' lang='lat' dir='ltr'><strong>amphorae</strong></span> <span class='ocrx_word' id='word_1_302' title='bbox 1037 4192 1085 4251; x_wconf 86' lang='lat' dir='ltr'><strong>F</strong></span> <span class='ocrx_word' id='word_1_303' title='bbox 1141 4193 1407 4268; x_wconf 88' lang='lat' dir='ltr'><strong>reginam</strong></span> <span class='ocrx_word' id='word_1_304' title='bbox 1453 4194 1527 4252; x_wconf 89' lang='lat' dir='ltr'><strong>ad</strong></span> <span class='ocrx_word' id='word_1_305' title='bbox 1576 4194 1855 4271; x_wconf 87' lang='lat' dir='ltr'><strong>Ootyttus</strong></span> <span class='ocrx_word' id='word_1_306' title='bbox 1901 4195 2280 4256; x_wconf 89' lang='lat' dir='ltr'><strong>simulacrum</strong></span> <span class='ocrx_word' id='word_1_307' title='bbox 2328 4197 2650 4273; x_wconf 87' lang='lat' dir='ltr'><strong>fugientem</strong></span> 
     </span>
    </p>
   </div>
   <div class='ocr_carea' id='block_1_3' title="bbox 413 4324 814 4332">
    <p class='ocr_par' dir='ltr' id='par_1_3' title="bbox 413 4324 814 4332">
     <span class='ocr_line' id='line_1_38' title="bbox 413 4324 814 4332; baseline 0 960"><span class='ocrx_word' id='word_1_308' title='bbox 413 4324 814 4332; x_wconf 95' lang='lat' dir='ltr'><strong> </strong></span> 
     </span>
    </p>
   </div>
   <div class='ocr_carea' id='block_1_4' title="bbox 583 4404 1683 4475">
    <p class='ocr_par' dir='ltr' id='par_1_4' title="bbox 583 4404 1683 4475">
     <span class='ocr_line' id='line_1_39' title="bbox 583 4404 1683 4475; baseline 0.003 -17"><span class='ocrx_word' id='word_1_309' title='bbox 583 4404 625 4471; x_wconf 88' lang='lat'><strong>¹)</strong></span> <span class='ocrx_word' id='word_1_310' title='bbox 661 4405 967 4473; x_wconf 85' lang='lat' dir='ltr'><strong>Euripides’</strong></span> <span class='ocrx_word' id='word_1_311' title='bbox 1005 4405 1274 4460; x_wconf 85' lang='lat' dir='ltr'><strong>Herakles</strong></span> <span class='ocrx_word' id='word_1_312' title='bbox 1309 4405 1397 4460; x_wconf 75' lang='lat'><strong>112</strong></span> <span class='ocrx_word' id='word_1_313' title='bbox 1431 4422 1486 4475; x_wconf 87' lang='lat' dir='ltr'><strong>p.</strong></span> <span class='ocrx_word' id='word_1_314' title='bbox 1513 4410 1612 4461; x_wconf 78' lang='lat'><strong>204</strong></span> <span class='ocrx_word' id='word_1_315' title='bbox 1637 4422 1683 4461; x_wconf 88' lang='grc'><strong>8.</strong></span> 
     </span>
    </p>
   </div>
  </div>
 </body>
</html>
