3309 5292
2574 456 2695 519 141

457 625 700 697 Suidam
733 647 778 688 s.
800 647 856 687 v.
884 619 1363 708 μουσόμαντιςε
1408 621 1507 699 τίς
1535 613 1697 688 ποτ’
1728 619 1908 688 ἔσται
1940 612 1977 688 ό
2008 619 2461 707 μουσόμαντις
2491 615 2699 698 ἄλλος

459 713 820 806 ἄβρατεύς,·
905 732 1110 790 Prima
1155 730 1341 790 verba
1385 729 1546 791 haud
1595 729 1775 791 dubie
1819 729 2137 790 scribenda
2180 733 2323 789 sunt

1037 827 1139 903 τίς
1181 816 1337 891 ποτ’
1369 816 1512 891 ἔσθ’
1547 814 1585 890 ὃ
1629 821 2081 910 μουσόμαντις

467 953 622 1011 quae
667 952 814 995 vero
859 937 1197 1014 sequuntur
1240 935 1419 1012 plane
1464 934 1783 1013 desperata
1812 937 1969 995 sunt.
2039 935 2419 994 Hermannus
2464 933 2703 1011 scripsit

461 1022 712 1114 ἅμαλός
759 1019 1136 1123 ἆβροβὰτης
1168 1031 1416 1111 σθένει,
1463 1037 1809 1099 Dindorfius
1856 1023 2103 1108 ἃλαλος
2147 1018 2527 1116 ἆβροβάτης
2563 1022 2699 1110 ὅδε,

457 1137 768 1198 Nauckius
817 1123 994 1198 ἀλλὰ
1034 1135 1196 1214 βᾶτε
1240 1129 1367 1198 σὺν
1411 1130 1658 1199 σθένει.
1750 1139 1920 1213 Quae
1974 1139 2175 1200 omnia
2226 1157 2425 1217 neque
2478 1136 2701 1199 tradita

460 1245 715 1303 lectione
755 1244 1246 1312 commendantur
1273 1263 1470 1320 neque
1501 1248 1717 1320 poetae
1748 1245 1999 1305 consilio
2030 1243 2374 1304 satisfacere
2405 1243 2700 1304 videntur.

457 1344 634 1418 Quod
694 1345 1006 1406 Nauckius
1073 1346 1183 1406 sibi
1251 1347 1552 1424 persuasit
1609 1347 1957 1425 Lycurgum
2026 1348 2140 1407 hoc
2204 1364 2389 1407 versu
2456 1347 2699 1407 comites

457 1448 701 1521 hortari,
735 1454 799 1509 ut
830 1449 1124 1509 Bacchum
1160 1449 1466 1524 invadant,
1498 1450 1721 1510 nullam
1755 1450 1937 1509 habet
1967 1449 2398 1527 probabilitatis
2430 1449 2703 1526 speciem,

458 1569 591 1610 cum
624 1553 954 1629 Dionysum
1000 1552 1265 1611 vinctum
1312 1553 1370 1611 in
1413 1570 1692 1620 scaenam
1725 1551 2081 1631 productum
2116 1570 2247 1612 esse
2279 1555 2529 1612 constet.
2595 1551 2702 1612 Cui

458 1672 601 1713 vero
669 1653 995 1713 Hermanni
1065 1653 1415 1715 coniectura
1482 1655 1705 1731 placet,
1771 1654 1819 1714 is
1885 1659 2059 1732 putat
2123 1673 2325 1731 regem
2392 1655 2450 1713 in
2518 1653 2703 1713 vincti

456 1756 711 1833 Dionysi
774 1755 1084 1817 divinitate
1141 1757 1354 1834 iocari;
1411 1762 1474 1817 at
1516 1775 1734 1822 vanam
1781 1758 2134 1818 iocationem
2181 1758 2296 1816 hoc
2339 1774 2517 1816 versu
2563 1774 2701 1816 con-

457 1859 633 1918 tineri
709 1863 961 1937 propter
1034 1877 1414 1919 numerorum
1484 1859 1889 1924 diversitatem
1958 1879 2077 1919 non
2147 1859 2319 1920 nimis
2384 1859 2701 1919 verisimile

456 1966 570 2032 est,
633 1962 914 2037 quoniam
975 1962 1132 2021 risus
1196 1961 1333 2021 illos
1393 1961 1645 2022 senariis
1706 1961 1961 2039 pedibus
2004 1961 2268 2022 inclusos
2310 1960 2497 2020 fuisse
2542 1959 2702 2037 frag-

457 2068 658 2124 menta
718 2081 903 2141 supra
962 2065 1145 2124 allata
1203 2064 1439 2125 docent.
1550 2063 1709 2137 Quid
1768 2065 1952 2141 igitur
2009 2064 2334 2125 faciamus?
2435 2063 2699 2124 Primum

455 2171 765 2228 teneamus
833 2186 994 2227 mera
1060 2168 1406 2228 coniectura
1467 2169 1629 2227 hunc
1689 2185 1926 2228 versum
1985 2168 2265 2245 Lycurgo
2324 2168 2532 2244 tribui,
2598 2168 2699 2243 qui

456 2271 631 2329 etiam
680 2270 754 2330 ab
801 2270 917 2329 alia
961 2269 1204 2331 fabulae
1248 2289 1506 2346 persona
1551 2274 1654 2330 aut
1700 2289 1735 2329 a
1781 2271 1962 2330 choro
2008 2271 2383 2351 pronuntiari
2421 2270 2701 2348 potuerit.

455 2374 608 2433 Tum
667 2392 812 2434 vero
875 2374 990 2432 hoc
1050 2392 1160 2451 pro
1222 2379 1384 2433 certo
1430 2377 1694 2433 statuere
1740 2373 1879 2433 mihi
1925 2372 2139 2440 videor
2182 2374 2391 2449 quaeri
2437 2372 2699 2432 divinum

431 2476 698 2555 <aliquod
762 2495 1010 2548 numen,
1071 2477 1238 2536 cuius
1300 2477 1394 2534 vis
1441 2495 1512 2535 ac
1556 2481 1774 2536 natura
1818 2495 1947 2537 cum
1995 2476 2291 2553 exquisito
2335 2475 2439 2536 illo
2484 2494 2701 2552 cogno-

457 2580 613 2639 mine
634 2567 1102 2657 μουσόμαντις,
1135 2582 1260 2639 tum
1294 2579 1590 2655 corruptis
1620 2578 1737 2638 illis
1768 2579 1966 2638 verbis
1996 2564 2243 2650 ἄλαλος
2272 2564 2596 2655 ἅβρατεύς
2621 2561 2703 2635 ὃν

457 2675 695 2740 σθέναι
721 2682 1110 2742 describatur.
1146 2682 1346 2759 Atque
1371 2683 1569 2742 statim
1594 2687 1851 2760 apparet
1873 2683 2225 2742 vocabulum
2250 2670 2703 2760 μουσόμαντις

454 2785 580 2844 sive
628 2785 930 2844 Musarum
995 2789 1164 2844 vates
1209 2789 1300 2844 est
1343 2785 1470 2844 sive
1514 2788 1684 2844 vates
1730 2785 1918 2844 Musis
1963 2785 2174 2862 plenus
2220 2803 2340 2844 non
2387 2784 2574 2861 magis
2620 2783 2697 2844 ad

457 2886 790 2963 Dionysum
839 2891 1114 2963 spectare
1159 2903 1338 2962 posse
1383 2905 1555 2964 quam
1604 2887 1678 2947 ad
1711 2887 2071 2964 Apollinem.
2158 2888 2289 2947 Hoc
2322 2905 2479 2947 nunc
2514 2886 2700 2961 digito

458 2981 900 3049 demonstrasse
945 2990 1089 3048 satis
1133 2988 1342 3066 habeo,
1387 2990 1564 3067 plura
1609 3009 1746 3049 mox
1792 2990 2158 3066 prolaturus,
2203 3008 2336 3049 cum
2383 2987 2457 3049 de
2488 2990 2699 3049 Bassa·

455 3091 648 3150 ridum
695 3095 1046 3168 argumento
1095 3091 1453 3152 disserturus
1498 3093 1623 3152 sim.

627 3194 804 3254 Aliud
868 3193 1266 3271 fragmentum
1331 3197 1594 3255 servavit
1655 3200 1863 3256 auctor
1923 3195 1997 3256 de
2056 3195 2413 3256 sublimitate
2473 3195 2580 3254 XV
2636 3199 2698 3256 6:

456 3289 670 3355 ἐνίοτε
746 3291 978 3374 μέντοι
1054 3284 1590 3375 ἅκατεργάστους
1664 3293 1777 3356 καὶ
1851 3289 2060 3357 οἱονεὶ
2134 3289 2509 3366 ,ποκοειδεῑς
2580 3285 2700 3365 τὰς

455 3392 718 3470 ἐννοίας
782 3395 895 3458 καὶ
961 3385 1382 3476 ἅμαλάκτους
1446 3394 1918 3479 προφέροντος
1984 3399 2091 3475 (sc.
2149 3397 2276 3459 τοῦ
2334 3390 2699 3478 Αἰσχύλου)

456 3485 636 3578 ὅμως
695 3491 941 3559 ἑαυτὸν
1002 3488 1039 3558 ὃ
1103 3484 1472 3580 Εύριπὶδης
1531 3487 1869 3574 κάκείνοις
1926 3486 2067 3561 ύπὸ
2128 3497 2505 3580 φιλοτιμίας
2558 3507 2701 3572 τοῖς

454 3595 796 3673 κινδύνοις
853 3595 1285 3680 προσβιβάζει
1319 3648 1332 3661 .
1367 3599 1480 3664 καὶ
1538 3591 1724 3682 παρὰ
1778 3598 1901 3682 μὲν
1943 3595 2257 3684 Αἰσχύλῳ
2300 3595 2702 3682 παραδόξως

457 3695 539 3763 τὰ
612 3703 742 3764 τοῦ
816 3694 1221 3784 Λυκούργου
1296 3701 1597 3778 βασίλεια
1669 3695 1841 3765 κατὰ
1913 3697 2040 3784 τὴν
2113 3696 2509 3782 ἐπιφάνειαν
2573 3703 2699 3765 τοῦ

455 3797 786 3867 Διονύσου
830 3806 1269 3887 θεοφορεῖται

967 3903 1294 3993 ἐνθουσιᾷ
1339 3899 1422 3988 δὴ
1468 3904 1676 3987 δῶμα,
1720 3901 2024 3988 βακχεύει
2067 3905 2262 3989 στέγη

458 3999 494 4070 ὃ
543 3998 602 4070 δ’
647 3998 1011 4092 Εὐριπίδης
1053 4001 1134 4070 τὸ
1181 3997 1344 4070 αὐτὸ
1391 3998 1593 4071 τοῦθ’
1637 4003 1879 4092 ἑτέρως
1940 4003 2278 4092 ἐφηδύνας
2324 4003 2697 4093 ἐξεφώνησε

967 4110 1108 4174 πᾶν
1152 4108 1223 4174 δὲ
1267 4104 1669 4193 συνεβάκχευ
1714 4103 1872 4194 ὄρος
1896 4114 1941 4190 ¹)

628 4218 902 4294 Apparet
967 4218 1313 4295 scriptorem
1384 4218 1756 4295 ingeniosum
1824 4224 2003 4296 atque
2070 4219 2514 4295 intellegentem
2582 4217 2696 4277 hoc

630 4431 673 4500 1)
709 4430 903 4486 Bacch.
941 4437 969 4484 7
976 4435 1054 4485 26.

2194 4534 2289 4588 10*

3227 2284 3235 2293 .

3127 2299 3211 2323 -‡.

3138 2336 3144 2346 Ι

2834 2333 2934 2408 „s⁸
3019 2339 3145 2370 Cf.

2812 2415 2827 2427 ,,
2937 2372 2962 2448 7
3136 2421 3143 2435 ,.

2976 2673 3031 2719 x(
