3309 5292
2562 406 2682 466 133

442 577 760 638 Tantalum
791 597 1108 656 personam
1151 577 1450 655 quandam
1483 577 1869 654 processisse,
1914 595 2067 654 quae
2111 577 2223 636 etsi
2262 575 2459 636 multis
2486 573 2686 634 verbis

443 680 688 757 reginae
736 681 988 740 instaret
1031 685 1229 740 tamen
1279 685 1342 739 ut
1387 680 1782 757 responderet
1834 678 1939 738 illa
1985 680 2081 739 vel
2137 696 2342 740 vocem
2390 678 2689 738 emitteret

445 801 563 842 non
594 782 964 859 impetraret.
1031 782 1323 842 Nimirum
1359 800 1556 842 coram
1590 787 1763 860 pat-re
1796 782 2057 858 tandem,
2098 781 2160 841 id
2192 785 2281 844 est
2309 782 2369 840 in
2400 784 2689 859 sequente

443 885 749 964 episodio,
793 887 988 947 Niobe
1033 903 1102 946 os
1147 887 1404 962 aperuit.
1492 887 1663 946 Hanc
1722 904 1897 962 quam
1944 887 2289 946 coniectura
2332 883 2689 960 sumpsimus

446 1005 762 1066 personam
809 986 1059 1048 eandem
1122 1006 1254 1048 esse
1300 988 1606 1048 mulierem
1655 1007 1834 1066 quam
1892 989 1953 1047 in
1997 989 2233 1066 pictura
2279 986 2686 1048 considentem

444 1109 624 1168 supra
669 1090 1127 1151 commemoravi
1175 1092 1274 1151 vel
1319 1091 1572 1152 maxime
1631 1091 1950 1152 verisimile
1997 1096 2104 1151 est.
2192 1091 2499 1165 Quaenam
2545 1107 2687 1150 vero

445 1193 523 1252 sit
565 1193 671 1252 illa
715 1193 878 1252 haud
933 1192 1110 1254 facile
1169 1198 1511 1254 statuamus.
1599 1194 1690 1254 Ad
1754 1194 2042 1254 nutricem
2076 1195 2381 1270 «reginae,
2439 1194 2512 1254 de
2568 1210 2690 1268 qua

444 1295 734 1372 imprimis
779 1296 1169 1372 cogitaveris,
1231 1315 1343 1355 uec
1389 1296 1625 1356 habitus
1680 1314 1792 1356 nec
1838 1297 2043 1356 vultus
2096 1297 2239 1356 satis
2284 1296 2499 1356 nobilis
2542 1313 2689 1372 qua-

445 1398 648 1470 drant,
710 1416 906 1474 neque
967 1397 1387 1474 Heydemanni
1446 1399 1793 1459 coniectura
1836 1398 2033 1475 placet
2075 1398 2312 1460 Tantali
2370 1417 2499 1458 eam
2556 1415 2690 1460 esse

448 1519 711 1561 uxorem.
798 1501 952 1560 Nam
998 1519 1070 1561 ea
1114 1504 1234 1560 tam
1281 1501 1576 1562 obscurae
1621 1503 1943 1562 memoriae
1988 1501 2151 1577 apud
2190 1506 2425 1561 vet-eres
2454 1501 2581 1578 fuit,
2624 1506 2691 1560 ut

445 1602 609 1680 apud
638 1604 1003 1681 Aeschylum
1050 1603 1205 1662 illam
1254 1605 1412 1664 ullas
1457 1608 1663 1682 partes
1710 1604 1987 1664 habuisse
2033 1606 2131 1663 vix
2165 1603 2337 1664 nobis
2367 1603 2690 1681 persuade-

446 1724 630 1766 amus.
720 1704 880 1766 Certi
927 1705 1253 1783 quidquam
1289 1707 1682 1782 pronuntiare
1729 1725 2109 1785 nequaquam
2142 1706 2353 1778 audeo,
2398 1705 2503 1766 sed
2537 1706 2689 1766 inter

447 1826 654 1869 omnes
715 1827 868 1885 quae
912 1828 948 1867 a
1002 1815 1181 1887 poeta
1235 1808 1436 1869 induci
1498 1813 1823 1886 potuerunt
1882 1811 2160 1869 heroinas
2214 1809 2382 1869 nulla
2426 1827 2567 1870 sane
2611 1807 2688 1868 ad

448 1918 648 1989 partes
718 1912 854 1971 illas
920 1912 1330 1989 suscipiendas
1395 1913 1594 1989 apt-ior
1653 1911 1837 1972 fuisse
1903 1911 2139 1971 videtur
2206 1930 2382 1988 quam
2428 1911 2690 1988 Antiope

451 2014 807 2092 Amphionis
869 2019 1073 2074 mater.
1162 2015 1350 2089 Quam
1413 2014 1515 2074 filii
1577 2015 1961 2092 superstitem
2023 2014 2391 2091 Aeschylum
2448 2012 2690 2073 finxisse

447 2117 675 2178 nullam
719 2135 862 2178 sane
920 2118 1101 2178 habet
1145 2119 1550 2178 offensionem.
1637 2118 1817 2178 Haud
1862 2119 1986 2179 scio
2019 2137 2092 2177 an
2124 2117 2201 2177 ad
2247 2118 2375 2178 eius
2419 2117 2689 2176 consola-

444 2221 635 2281 tiones
665 2225 828 2280 recte
858 2215 1110 2280 referam
1142 2221 1538 2298 fragmentum
1573 2223 1711 2296 156,
1756 2240 1873 2297 quo
1904 2221 1962 2280 in
1996 2219 2141 2281 deos
2173 2238 2404 2280 omnem
2451 2221 2687 2296 culpam

445 2324 774 2384 trausicere
821 2327 1074 2384 conatur

1024 2448 1188 2529 θεὸς
1230 2451 1353 2536 μὲν
1397 2450 1620 2517 αἰτίαν
1667 2448 1820 2534 φύει
1864 2456 2135 2536 βροτοῖς

853 2545 1021 2620 ὅταν
1065 2559 1370 2621 κακῶσαι
1415 2556 1606 2639 δῶμα
1649 2548 2019 2643 παμπήδην
2063 2554 2251 2639 θέλῃ.

616 2684 684 2742 In
751 2683 1054 2760 superiore
1121 2683 1443 2758 amphorae
1510 2686 1678 2758 parte
1745 2680 1839 2742 dei
1913 2683 2143 2742 ultores
2210 2682 2691 2759 conspiciuntur:

446 2786 737 2864 Juppiter,
780 2787 884 2861 qui
926 2784 1285 2862 Amphionis
1330 2786 1556 2862 regiam
1606 2785 1848 2862 fulgure
1891 2785 2312 2862 inflammavit,
2357 2784 2589 2844 Latona
2634 2788 2694 2844 et

445 2888 645 2960 liberi,
704 2887 809 2963 qui
867 2886 1145 2947 Niobidis
1208 2887 1528 2964 perniciem
1592 2887 1876 2948 tulerunt.
1964 2887 2079 2961 Qui
2141 2905 2505 2964 quamquam
2564 2887 2692 2946 sine

449 2989 630 3050 dubio
675 2990 1020 3066 saepissime
1066 2990 1127 3049 in
1173 2990 1485 3066 tragoedia
1530 2990 2166 3067 commemorabantur,
2209 2994 2407 3049 tamen
2453 2989 2692 3049 fabulae

447 3111 737 3170 personae
797 3095 960 3152 certo
1022 3111 1140 3152 non
1202 3092 1462 3153 fuerunt.
1550 3092 1664 3154 Sed
1727 3111 1823 3153 res
1887 3092 2066 3153 dubia
2123 3098 2216 3153 est
2270 3094 2328 3152 in
2379 3093 2692 3152 Mercurio.

448 3197 655 3256 Potest
701 3198 766 3254 ut
811 3195 1095 3254 solemnis
1140 3196 1308 3256 Jovis
1363 3195 1602 3255 satelles
1649 3195 1805 3255 ultro
1854 3215 1888 3254 a
1933 3197 2163 3272 pictore
2209 3195 2481 3256 adiectus
2528 3211 2692 3264 esse3

450 3301 646 3375 potest
703 3315 845 3356 vero
907 3315 1149 3374 quoque
1207 3296 1267 3356 in
1331 3294 1644 3374 tragoedia
1704 3296 1872 3357 Jovis
1931 3296 2100 3356 iussu
2159 3297 2394 3358 Nioben
2458 3294 2693 3357 adiisse.

447 3402 602 3461 Nam
659 3398 979 3460 dummodo
1035 3404 1200 3460 recte
1255 3399 1606 3460 coniecerim
1652 3399 2017 3476 Aeschylum
2066 3399 2226 3459 haud
2272 3401 2466 3460 minus
2513 3419 2690 3478 quam

450 3506 510 3566 in
557 3505 787 3565 Niobae
841 3505 1123 3583 superbia
1181 3506 1392 3582 iraque
1448 3505 1716 3564 Latonae
1772 3507 1833 3564 in
1888 3505 2072 3581 ipsius
2117 3505 2467 3582 Amphionis
2519 3505 2694 3582 culpa

449 3615 511 3668 et
554 3609 720 3668 Jovis
766 3608 989 3668 ultione
1035 3614 1333 3667 versatam
1379 3625 1540 3685 esse,
1603 3608 1729 3668 veri
1788 3626 1907 3668 non
1955 3613 2047 3668 est
2091 3608 2375 3668 dissimile
2418 3609 2691 3668 nuntium

449 3712 574 3771 eius
604 3728 990 3788 progressum
1016 3727 1163 3782 esse,
1195 3711 1296 3787 qui
1332 3713 1605 3770 narraret
1637 3729 1747 3770 cur
1778 3710 2096 3786 periissent
2128 3701 2193 3768 οὶ
2222 3699 2435 3789 Ζηνὸς
2479 3699 2691 3789 ἐγγὺς,

452 3805 518 3872 οἱ
560 3808 748 3872 θεῶν
793 3797 1210 3891 ἄγχίσποροι.
1284 3813 1534 3873 Accedit
1565 3813 1726 3891 quod
1761 3813 2094 3873 Mercurius
2122 3811 2443 3873 fidissimus
2475 3815 2692 3873 mortui

451 3916 609 3991 regis
652 3914 1012 3991 Amphionis
1057 3919 1350 3992 patronus
1391 3915 1535 3990 fuit,
1592 3934 1768 3992 quem
1815 3914 1948 3992 lyra
1995 3914 2273 3992 donavit,
2327 3917 2497 3975 cuius
2541 3934 2692 3976 sono

450 4035 558 4076 rex
601 4016 945 4076 Thebarum
990 4035 1190 4078 muros
1236 4016 1443 4077 erexit.
1467 4013 1510 4090 ¹)
1597 4017 1789 4076 Nemo
1837 4016 2018 4093 igitur
2073 4016 2186 4075 fuit
2230 4019 2420 4095 magis
2465 4027 2693 4077 accom-

452 4119 742 4198 modatus,
786 4121 888 4198 qui
936 4119 1170 4181 Nioben
1215 4120 1549 4181 in·summo
1597 4120 1807 4180 dolore
1853 4120 2287 4181 consolaretur.

628 4301 670 4371 1)
708 4301 831 4356 Hoc
867 4307 1226 4356 narraverunt
1247 4301 1511 4356 Eumelus
1547 4301 1695 4368 apud
1717 4300 2039 4355 Pausaniam
2062 4301 2143 4354 IX
2168 4307 2215 4371 5,
2237 4306 2267 4356 8
2305 4292 2336 4355 ὃ
2376 4297 2437 4356 δὲ
2474 4296 2548 4355 τὰ
2583 4293 2693 4369 ἔπη

452 4381 524 4440 τὰ
579 4380 640 4450 ἐς
695 4378 983 4458 Εὐρώπην
1035 4382 1281 4456 ποιήσας
1334 4387 1508 4456 φησὶν
1555 4379 1824 4457 Ἀμφίονα
1872 4381 2207 4460 χρήσασθαι
2263 4382 2410 4465 λύρᾳ
2461 4392 2696 4459 πρῶτον
