3309 5292
2591 418 2711 476 115

464 584 748 646 inducere
795 604 914 645 non
960 586 1214 664 licuerit,
1257 605 1379 646 non
1426 588 1723 663 intellego.
1810 587 1929 648 Sed
1975 588 2215 650 omnino
2261 588 2415 649 duco
2447 591 2713 666 pateram

467 707 540 749 ex
599 689 713 748 hoc
773 707 1024 748 numero
1081 707 1215 750 esse
1274 689 1729 765 removendam,
1793 709 1925 751 cum
1981 709 2230 769 prorsus
2289 692 2576 752 incertum
2638 693 2717 751 sit

467 795 662 852 utrum
696 791 772 850 ad
805 791 1059 852 Penthei
1104 792 1232 852 fata
1261 811 1335 852 an
1371 791 1599 870 Orphei
1638 797 1887 870 spectet.
1909 794 1955 867 ¹)
2044 795 2319 856 Ceterum
2353 793 2713 854 monendum

467 894 702 954 videtur
745 893 988 954 eandem
1037 893 1464 955 dubitationem
1511 896 1727 956 cadere
1772 897 1830 956 in
1880 901 2144 974 pateram
2192 895 2590 956 Parisiensem
2639 897 2713 956 ab

468 997 778 1072 Hartwigo
822 997 958 1056 item
1006 996 1085 1056 ad
1117 997 1464 1075 Euripidem
1511 999 1780 1075 relatam,
1822 1000 1881 1059 in
1915 1018 2038 1076 qua
2068 1003 2359 1076 quattuor
2387 998 2711 1060 maenades

470 1118 600 1158 cnm
657 1097 954 1158 bracchiis
1014 1099 1410 1178 cruribusque
1469 1101 1752 1160 abscissis
1810 1102 1936 1161 sive
1995 1102 2247 1162 Penthei
2304 1100 2433 1161 sive
2486 1099 2712 1178 Orphei

468 1201 1010 1277 circumvagantur.
1113 1204 1370 1262 Nomina
1438 1203 1665 1263 scilicet
1728 1204 1893 1264 nulla
1952 1203 2257 1280 adscripta
2318 1208 2459 1264 sunt
2516 1222 2715 1280 neque

469 1323 626 1380 quae
671 1306 728 1364 in
776 1306 964 1366 altero
1010 1305 1198 1365 latere
1253 1325 1321 1364 ac
1380 1307 1436 1364 in
1486 1310 1657 1381 parte
1702 1306 1990 1367 interiore
2036 1310 2274 1367 exstant
2317 1308 2589 1383 picturae
2634 1305 2711 1365 ad

470 1409 882 1484 quaestionem
927 1407 1270 1468 solvendam
1319 1407 1642 1485 quidquam
1690 1409 1908 1470 valent.

639 1529 856 1604 Neque
902 1529 1097 1588 minus
1129 1527 1504 1604 segreganda
1534 1533 1622 1588 est
1654 1533 1863 1606 patera
1894 1529 2140 1604 caelata,
2183 1547 2360 1604 quam
2394 1529 2712 1606 Diltheyus

471 1630 689 1707 publici
720 1630 868 1689 iuris
898 1629 1042 1690 fecit
1087 1631 1144 1689 in
1181 1631 1368 1690 diario
1410 1631 1871 1707 arehaeologico
1904 1633 2067 1693 1873
2098 1631 2217 1692 tab.
2242 1633 2349 1692 VIl
2384 1637 2439 1693 3.
2507 1633 2712 1691 Virum

462 1733 570 1792 illa
614 1732 853 1792 exhibet
896 1732 1378 1811 procumbentem
1427 1734 1741 1810 clipeoque
1786 1735 2060 1805 innisum,
2107 1733 2207 1810 qui
2253 1733 2453 1810 gladio
2486 1733 2712 1793 frustra

465 1825 758 1913 maenadi,
804 1837 852 1895 si
898 1834 1139 1912 quidem
1186 1835 1402 1895 editori
1440 1836 1690 1896 credere
1721 1835 1991 1914 velimus,
2036 1841 2095 1896 et
2138 1837 2467 1912 pantherae
2498 1855 2714 1913 repug-

465 1942 585 1997 nat.
672 1940 764 1998 De
808 1939 1077 1999 Pentheo
1125 1938 1408 2015 cogitavit
1451 1939 1788 2017 Diltheyus.
1878 1939 1959 1998 At
2006 1958 2123 1998 non
2168 1938 2509 1998 maenadem
2554 1937 2713 1998 vide—

466 2058 629 2117 mus,
672 2041 775 2100 sed
822 2042 1013 2118 ipsum
1063 2043 1385 2102 Bacchum.
1471 2041 1763 2102 Scaeuam
1831 2042 2119 2101 habemus
2178 2041 2712 2118 gigantomachiae,

466 2162 646 2219 quam
692 2145 940 2203 similem
990 2149 1419 2221 expresserunt
1464 2163 1605 2204 arae
1651 2146 2059 2221 Pergamenae
2104 2143 2383 2204 artifices.

635 2265 884 2323 Restant
925 2264 1108 2339 igitur
1153 2264 1280 2324 sola
1323 2265 1440 2324 tria
1486 2265 1614 2337 illa,
1676 2283 1830 2342 quae
1887 2283 2073 2341 supra
2132 2264 2507 2338 enumeravi,
2565 2281 2713 2323 vasa

468 2366 731 2443 Appula,
775 2385 928 2444 quae
976 2366 1049 2425 ab
1093 2366 1522 2443 interpretibus
1568 2372 1625 2426 et
1670 2367 1799 2444 ipsa
1845 2367 1922 2426 ad
1970 2365 2272 2443 Euripidis
2304 2366 2572 2426 Bacchas
2620 2385 2711 2425 re-

472 2467 617 2528 ferri
661 2468 870 2528 solent.
893 2463 939 2548 ¹)
1027 2469 1139 2530 Sed
1186 2470 1300 2546 ipsi
1345 2470 1428 2528 illi
1476 2469 1747 2530 confiteri
1795 2468 2150 2543 debuerunt,
2195 2469 2430 2546 gladios
2476 2486 2709 2528 maena-

470 2571 606 2630 dum
655 2571 729 2630 ab
774 2572 1061 2649 Euripide
1117 2573 1345 2633 alienos
1397 2574 1556 2633 ultro
1601 2593 1638 2632 a
1684 2573 2011 2651 pictoribus
2066 2571 2301 2632 additos
2347 2590 2493 2632 esse.
2579 2573 2709 2632 Jam

467 2674 784 2734 maenades
827 2673 1044 2752 gladiis
1089 2674 1410 2735 instructas
1455 2675 1756 2753 patienter
1801 2676 2091 2746 feremus,
2154 2676 2378 2752 quippe
2424 2693 2581 2751 quae
2626 2673 2711 2734 fa-

468 2776 643 2836 bulae
676 2796 792 2837 non
826 2796 1074 2854 prorsus
1105 2786 1465 2854 repugnent.
1531 2780 1862 2839 Pentheum
1911 2798 2054 2846 vero
2087 2778 2247 2855 quod
2279 2778 2587 2854 palliatum
2622 2795 2711 2836 ar·

468 2882 689 2938 matum
737 2885 1104 2957 pugnantem
1136 2879 1481 2956 pinxerunt,
1527 2901 1659 2940 cum
1694 2883 1821 2941 sive
1855 2881 2080 2941 nudum
2112 2882 2239 2940 sive
2276 2878 2508 2941 mulieri
2540 2886 2706 2940 veste

470 2979 741 3040 indutum
791 2983 1072 3041 inermem
1121 2985 1453 3060 supplicem
1501 2983 1668 3060 pingi
1714 2983 1914 3043 sabula
1946 2982 2194 3058 iuberet,
2238 2982 2393 3042 haud
2428 2983 2552 3042 scio
2585 3001 2705 3058 quo

465 3085 740 3158 quamvis
786 3084 935 3143 miro
968 3084 1215 3145 consilio
1247 3086 1540 3162 pictorum
1575 3104 1876 3146 excusem.
1966 3085 2359 3162 Inspiciamus
2403 3084 2709 3162 Euripidis

472 3203 681 3245 versus
727 3187 942 3247 Bacch.
979 3190 1426 3248 1111—1121:

771 3351 960 3432 ὐψοῦ
1005 3352 1078 3417 δὲ
1121 3349 1404 3418 θάσσων
1445 3341 1721 3436 υψόθεν
1761 3345 2167 3441 χαμαιπετὴς

767 3453 1002 3518 πίπτει
1045 3447 1216 3538 πρὸς
1259 3440 1467 3532 οὖδας
1508 3456 1771 3539 μυρίοις
1817 3452 2186 3540 οἰμώγμασι

767 3549 1092 3639 Πενθεὺς,
1134 3560 1355 3622 κακοῦ
1398 3552 1526 3641 γὰρ
1571 3551 1765 3642 ἐγγὺς
1810 3550 1907 3622 ὢν
1950 3553 2308 3642 ἐμάνθανε.

763 3653 1004 3744 πρώτη
1049 3658 1121 3724 δὲ
1161 3650 1376 3748 μήτηρ
1419 3653 1620 3747 ἦρξεν
1666 3658 1837 3744 ιερία
1881 3657 2103 3742 φόνου

770 3762 883 3824 καὶ
926 3763 1328 3845 προσπίτνει
1373 3785 1497 3827 νιν.
1573 3757 1610 3826 ὃ
1658 3763 1731 3828 δὲ
1774 3763 2015 3847 μίτραν
2061 3759 2268 3848 κόμης
2316 3755 2449 3828 άπο

770 3860 1063 3947 ἔρριψεν,
1110 3857 1202 3942 ὥς
1247 3887 1356 3929 νιν
1397 3866 1781 3949 γνωρίσασα
1823 3862 1912 3953 μὴ
1955 3857 2197 3932 κτάνοι

766 3961 1043 4052 τλήμων
1078 3957 1335 4052 Ἀγαύη,
1382 3968 1494 4032 καὶ
1541 3967 1716 4052 λέγει
1760 3967 2086 4052 παρηίδος

764 4065 1014 4150 ψαύων
1049 4065 1210 4154 ιἐγώ
1247 4094 1377 4152 τοι,
1418 4074 1642 4158 μῆτερ,
1692 4070 1819 4154 εἰμὶ
1862 4083 2022 4148 παῖς
2067 4071 2289 4150 σέθεν,

635 4289 678 4357 ¹)
714 4289 798 4344 Cf.
843 4305 984 4358 quae
1031 4288 1170 4344 infra
1217 4291 1288 4346 de
1334 4296 1660 4360 argumento
1703 4294 2053 4349 Bassaridum
2100 4294 2397 4363 disputavi.
2498 4297 2541 4363 2)
2579 4294 2705 4350 Vid.

463 4370 698 4444 Sandys,
735 4374 1042 4444 Euripides’
1077 4374 1346 4431 Bacchen.
1418 4376 1755 4446 Hartwigum
1791 4377 1826 4434 l.
1851 4395 1898 4434 c.
