3309 5292
2528 410 2651 470 127

410 587 584 646 offert
626 586 876 647 alterum
922 587 1227 662 speculum
1273 586 1605 646 Etruscum.
1693 585 1913 645 Nullus
1972 603 2119 644 sane
2174 581 2253 642 ad
2303 581 2367 642 id
2412 581 2487 641 de
2532 600 2651 660 quo

411 689 669 749 diximus
732 707 946 750 munus
1005 691 1193 766 magis
1252 688 1760 750 accommodatus!
1845 686 2129 748 Procedit
2186 686 2355 746 Jovis
2400 686 2653 762 legatus,

409 796 476 852 ut
535 791 610 850 de
667 792 932 852 Telluris
991 791 1273 853 vaticinio
1340 810 1474 852 cum
1533 791 1891 852 Prometheo
1951 793 2105 866 agat.
2202 789 2325 848 Iam
2384 805 2529 848 vero
2591 789 2650 849 in

409 913 567 956 novo
612 895 714 955 illo
761 894 972 954 ordine
1016 913 1212 956 rerum
1244 895 1454 955 Tellus
1484 893 1801 971 praefandi
1834 910 2078 952 munere
2110 894 2297 952 semet
2328 889 2647 962 abdicavit,

409 997 627 1080 Apollo
674 998 736 1056 in
782 998 908 1056 eius
953 998 1148 1057 locum
1197 998 1499 1058 successit.
1587 994 1745 1069 Quid
1792 995 2003 1055 mirum
2050 993 2209 1071 quod
2253 1010 2448 1054 novus
2478 997 2649 1053 vates

409 1099 737 1160 decessoris
795 1099 974 1162 fatale
1031 1101 1338 1160 oraculum
1402 1099 1764 1177 investigare
1825 1097 2028 1174 cupit?
2117 1097 2325 1172 Itaque
2370 1114 2443 1155 ne
2489 1096 2647 1154 hanc

408 1201 646 1279 quidem
692 1201 942 1280 figuram
992 1202 1066 1261 ab
1099 1201 1312 1279 opifice
1343 1206 1566 1262 temere
1595 1200 1885 1260 adiectam
1919 1217 2050 1260 esse
2082 1217 2200 1259 non
2230 1199 2357 1258 sine
2388 1197 2647 1274 quadam

405 1305 824 1381 probabilitate
886 1307 1150 1364 statuere
1203 1303 1494 1363 videmur.
1583 1302 1760 1376 Quod
1806 1288 2125 1361 Herculem
2186 1319 2317 1360 cum
2367 1301 2647 1376 Apolline

407 1408 788 1467 coniunctum
823 1407 1139 1484 cernimus,
1183 1406 1338 1466 idem
1373 1405 1515 1466 fecit
1544 1408 1750 1465 noster
1779 1422 1851 1464 ac
1880 1403 2125 1470 alterius
2150 1404 2373 1480 speculi
2414 1402 2645 1481 opifex:

409 1509 558 1569 duas
603 1508 844 1569 fabulae
890 1526 1142 1568 scaenas
1187 1509 1244 1567 iu
1293 1525 1470 1568 unam
1531 1507 1820 1567 confudit.
1910 1508 2247 1583 Utrumque
2291 1507 2473 1584 igitur
2516 1524 2647 1583 spe·

406 1613 603 1673 culum
647 1612 720 1671 ab
765 1611 1048 1688 Aeschyli
1096 1610 1301 1670 fabula
1345 1614 1624 1670 accurate
1669 1609 1935 1687 pendere
1978 1604 2200 1685 duco.¹)

574 1732 810 1793 Subieci
842 1732 1040 1792 Vincti
1081 1734 1141 1790 et
1171 1729 1356 1793 Soluti
1387 1732 1552 1791 iuxta
1592 1730 1953 1808 compositos
1992 1728 2231 1790 ordines
2268 1743 2646 1790 scaenarum:

650 1897 780 1981 Πρ.
830 1889 1222 1980 δεσμώτης
1905 1889 2313 1978 Λυόμενος

402 2025 722 2098 Prologus:
752 2005 1134 2096 ‘Hwacon
1180 2009 1442 2100 Κράτος
1572 2011 1975 2099 Προμηθεύς

606 2119 738 2183 Βία
1115 2111 1317 2199 κωφὰ

606 2136 1058 2305 Προμηθεύς)
1114 2211 1467 2305 πρόσωπα.

605 2318 1010 2408 Προμηθεύς

401 2431 693 2492 Parodos:
736 2420 937 2508 χορὸς
980 2417 1378 2490 ,Ὠκεανίδων
1567 2419 1769 2506 χορὸς
1820 2420 2122 2490 Τιτάνων

395 2533 746 2611 Episodium
830 2535 1112 2610 primum:
1200 2530 1459 2611 Προμη-
1567 2523 1987 2612 Προμηθεύς,
2030 2519 2375 2592 Ἀπόλλων
2460 2611 2465 2613 ³

485 2625 668 2708 θεύς,
713 2620 1018 2707 Ὠκέανος

397 2737 710 2799 Stasimum
757 2740 1037 2817 primum:
1079 2728 1280 2818 χορός
1569 2729 1773 2816 χορός

397 2840 738 2918 Episodium
761 2842 1040 2901 alterum:
1064 2829 1471 2920 Προμηθεύς
1575 2831 1995 2920 Προμηθεύς,
2034 2823 2351 2920 Ἡρακλῆς

395 2944 710 3004 Stasimum
755 2945 1034 3004 alterum:
1076 2934 1278 3022 χορός
1567 2933 1766 3022 χορός

396 3046 736 3124 Episodium
757 3047 1021 3107 tertium:
1045 3034 1470 3124 Προμηθεύς,
1577 3033 1978 3125 Προμηθεύς

473 3137 582 3209 Ἴω

393 3252 706 3312 Stasimum
751 3253 1020 3313 tertium:
1060 3241 1264 3330 χορός
1562 3239 1766 3328 χορός

395 3354 738 3431 Episodium
815 3358 1116 3431 quartum:
1192 3350 1458 3433 Προμη-
1566 3341 1995 3432 Προμηθεύς,
2055 3341 2369 3430 Κάστωρ,
2414 3348 2637 3412 Πολυ-

480 3445 664 3531 θεύς,
701 3451 926 3537 Ἑρμῆς
1652 3446 1895 3535 δεύκης
1936 3473 1998 3514 κ.
2030 3471 2142 3534 πρ.

1545 3543 2637 3637 (Ηφαιστος,Κάστωρ,Προμηθεύς

1561 3678 1623 3719 κ.
1670 3678 1804 3740 πμ,
1849 3651 2289 3740 Πολυδεύκης
2330 3678 2391 3720 κ.
2434 3678 2547 3738 πρ.

1386 3780 1648 3841 Exodus.

567 3961 610 4028 ¹)
645 3961 709 4014 In
756 3961 944 4016 Vincti
997 3961 1249 4030 catalogo
1301 3975 1659 4030 personarum
1712 3959 1963 4016 Herculis
2018 3964 2076 4015 et
2127 3960 2364 4016 Telluris
2417 3962 2637 4016 nomina

398 4061 687 4100 occurrere
723 4051 957 4114 constat,
995 4062 1134 4115 quae
1171 4063 1240 4100 ex
1265 4046 1444 4102 Soluti
1466 4060 1827 4116 personarum
1854 4050 2158 4114 conspectu
2180 4045 2310 4100 illuc
2344 4046 2633 4115 irrepsisse

394 4136 742 4200 putaverunt.
799 4131 939 4186 Sane
976 4131 1092 4186 fieri
1128 4132 1326 4201 potuit,
1361 4137 1423 4186 ut
1445 4132 1635 4188 Tellus
1671 4132 1728 4185 in
1762 4132 1863 4185 hae
1896 4130 2081 4186 fabula
2103 4132 2429 4200 procederet
2451 4149 2633 4202 neque

394 4215 504 4270 ullo
539 4216 766 4284 negotio
804 4216 922 4270 eius
957 4221 1142 4284 partes
1179 4217 1357 4271 ordini
1393 4222 1450 4271 et
1483 4233 1663 4271 rerum
1698 4221 1756 4270 et
1790 4221 2007 4272 actuum
2042 4218 2283 4273 inserere
2319 4233 2632 4285 possumus.

393 4302 471 4355 At
505 4301 753 4356 concedo
788 4302 950 4356 nimis
985 4302 1201 4357 infirmo
1225 4303 1584 4357 fundamento
1611 4303 1753 4356 hanc
1776 4303 2145 4358 coniecturam
2171 4303 2272 4358 niti
2294 4303 2427 4358 mihi
2443 4303 2633 4358 videri.

403 4386 563 4442 Certe
588 4386 740 4441 nullo
765 4387 931 4442 modo
955 4389 1329 4444 testimonium
1352 4387 1486 4442 illud
1510 4405 1632 4442 cum
1658 4387 1739 4444 eis
1762 4393 1949 4454 certat,
1987 4405 2127 4459 quae
2150 4403 2316 4458 supra
2339 4389 2635 4458 disputavi.
