3309 5292
2518 425 2657 495 §.121⁷
2673 418 2692 433 ”

581 595 833 659 Constat
891 597 1073 675 igitur
1136 599 1192 657 in
1253 597 1367 657 hac
1428 596 1627 656 fabula
1674 597 1990 682 Herculem
2050 597 2307 674 aquilam
2356 597 2661 672 deiecisse,

412 701 472 760 id
519 701 684 779 quod
727 702 786 760 in
835 719 1053 761 scaena
1084 702 1179 760 vel
1226 705 1294 760 ut
1337 701 1560 760 rectius
1607 701 1801 760 dicam
1847 701 1905 759 in
1941 700 2247 760 orchestra
2277 699 2495 760 factum
2529 705 2659 759 e'sse

423 810 483 866 et
526 823 638 883 per
681 823 744 865 se
790 808 958 882 patet
1001 809 1062 864 et
1107 805 1292 863 verba
1335 803 1714 877 confirmant,
1774 803 1988 879 quibus
2034 802 2128 862 ille
2174 802 2511 879 Apollinem
2557 821 2659 880 ap·

413 909 594 986 pellat
637 893 920 985 sagittam
961 907 1248 966 missurus
1295 906 1392 980 (fr.
1425 904 1591 978 200).
1683 905 1951 965 Eundem
2000 906 2193 982 ipsum
2240 905 2513 965 'Pitanem
2563 924 2662 964 ca-

417 1015 557 1072 tena
607 1010 954 1070 liberavisse
1001 1009 1409 1086 Apollodorus
1465 1014 1673 1071 narrat
1702 1009 1758 1067 ΙΙ
1790 1012 1843 1080 5,
1882 1012 1975 1079 11,
2011 1012 2090 1069 10
2143 1002 2257 1066 καὶ
2316 996 2441 1066 τὸν
2495 1004 2665 1086 Προ·

415 1106 632 1193 μηθέα
665 1107 923 1172 διέλυσε
955 1104 1420 1192 (εο.Ἠρακλῆς)
1455 1097 1701 1188 δεσμόν
1740 1100 2051 1188 ἑλόμενος
2094 1101 2219 1169 τόν
2260 1107 2377 1190 τῆς
2421 1103 2663 1183 ἐλαίας,

415 1209 526 1275 καὶ
608 1209 896 1292 παρέσχε
974 1212 1074 1294 τῷ
1139 1208 1242 1273 Διὶ
1315 1208 1592 1290 Χίρωνα
1658 1202 1986 1290 θνήσκειν
2056 1203 2449 1294 [ἀθάνατον]
2520 1198 2665 1271 ἄντ’

417 1303 634 1377 αὐτοῦ
681 1312 1004 1394 θέλοντα;
1049 1318 1346 1394 Hyginus,
1391 1317 1508 1375 fab.
1542 1319 1663 1376 144
1711 1317 1908 1388 „hanc
1938 1317 2195 1392 aquilam
2244 1321 2381 1392 post
2424 1317 2668 1393 triginta

414 1440 606 1482 annos
636 1419 698 1493 (l.
731 1421 994 1497 ,triginta
1026 1421 1190 1479 milia
1221 1414 1530 1479 annorum‘
1563 1419 1697 1478 coll.
1729 1419 1885 1478 Astr.
1920 1421 1977 1478 11
2014 1415 2116 1489 15)
2159 1419 2451 1479 Hercules
2484 1421 2665 1478 inter·

414 1523 556 1584 fecit
614 1541 870 1600 eumque
929 1521 1263 1594 liberavit“;
1335 1523 1585 1581 Paus.V
1621 1526 1730 1598 11,
1774 1525 1809 1582 6
1870 1514 2129 1599 λέγεται
2200 1510 2325 1600 γὰρ
2407 1511 2489 1603 δὴ
2553 1515 2665 1580 καὶ

417 1617 570 1686 τόδε
615 1617 681 1697 ἐς
724 1616 848 1683 τὸν
885 1613 1242 1703 Ἡρακλέα,
1289 1607 1380 1695 ῶς
1427 1608 1822 1682 ἀποκτείναι
1864 1618 1990 1701 μὲν
2033 1613 2157 1683 τὸν
2204 1608 2427 1697 αἐτόν,
2474 1611 2549 1695 ὃς
2592 1617 2667 1684 έν

415 1725 514 1807 τῷ
557 1719 878 1807 καυκάσῳ
920 1715 1047 1786 τὸν
1092 1721 1462 1806 Προμηθέα
1509 1717 1774 1799 ἐλύπει,
1842 1719 2133 1802 ἐξέλοιτο
2182 1719 2251 1786 δὲ
2298 1722 2409 1785 καὶ
2456 1713 2668 1787 αὐτὸν

303 1863 344 1888 .·
423 1825 793 1910 Προμηθέα
839 1822 912 1888 ἐκ
954 1826 1099 1889 τῶν
1145 1825 1424 1908 δεσμῶν.
1516 1830 1783 1904 Quorum
1820 1849 1947 1890 cum
1984 1832 2333 1891 testimoniis
2374 1833 2673 1892 consentit

417 1935 800 2010 gravissimus
846 1939 1058 1994 auctor
1103 1935 1232 2010 ipse
1278 1933 1617 2010 Aeschylus
1664 1935 1721 1992 in
1774 1935 2014 2008 Vincto,
2075 1934 2174 1993 ubi
2218 1935 2541 1994 Herculem
2600 1952 2666 1996 se

418 2055 549 2096 esse
593 2038 927 2097 soluturum
973 2038 1115 2096 satis
1163 2037 1339 2114 plane
1386 2037 1562 2096 Titan
1609 2035 1921 2113 praefatur
1964 2056 2019 2095 v.
2054 2040 2174 2098 769
2208 2051 2261 2096 s:
2606 2043 2612 2050 '

627 2172 744 2233 152.
789 2167 891 2242 τίς
937 2151 1063 2232 οὖν
1110 2155 1147 2229 ὁ
1196 2162 1426 2231 λύσων
1473 2156 1530 2230 6³
1575 2163 1757 2231 ἐστὶν
1804 2158 2093 2244 ἄκοντος
2138 2161 2317 2245 Διός;

625 2273 759 2334 ΠΡ.
806 2271 949 2333 τῶν
992 2271 1133 2333 σῶν
1177 2259 1305 2334 τιν’
1352 2259 1568 2334 αὐτὸν
1613 2265 1917 2352 ἐκγόνων
1962 2264 2130 2334 εἶναι
2169 2267 2404 2354 χρεών.

402 2481 408 2487 ,
593 2413 723 2486 Quo
791 2413 963 2472 modo
1025 2413 1298 2472 Herculis
1364 2416 1567 2490 partes
1635 2414 1693 2471 in
1758 2413 2067 2473 liberando
2138 2415 2355 2474 Titane
2423 2415 2668 2474 eircum-

425 2516 684 2592 scriptae
743 2513 964 2576 fuerint
1020 2515 1178 2574 infra
1241 2516 1574 2591 disputabo.
1664 2515 1837 2589 Quod
1886 2534 2028 2576 vero
2073 2517 2147 2576 Jo
2195 2517 2441 2576 miratur
2485 2522 2667 2594 atque

427 2619 556 2695 ipse
595 2617 986 2677 Prometheus
1033 2622 1091 2678 et
1137 2618 1235 2677 hic
1280 2618 1458 2677 tacite
1507 2618 1785 2678 concedit
1830 2623 1889 2677 et
1933 2619 2065 2677 aliis
2113 2618 2255 2677 locis
2304 2623 2467 2678 certe
2513 2618 2665 2679 affir-

423 2718 601 2792 mat1)
647 2720 832 2780 invito
880 2721 1029 2780 Jove
1073 2720 1483 2780 liberationem
1531 2720 1755 2780 factum
1801 2720 1888 2791 iri,
1934 2719 1994 2778 id
2042 2721 2101 2779 in
2135 2720 2341 2781 Soluto
2387 2721 2663 2799 profecto

421 2820 594 2880 aliter
639 2822 912 2882 evenisse
959 2825 1206 2881 constat.
1293 2823 1506 2898 Neque
1565 2823 1720 2881 enim
1782 2823 1909 2882 sine
1956 2822 2123 2881 Jovis
2182 2841 2479 2882 consensu
2526 2824 2667 2883 Pro-

424 2923 724 2982 metheum
769 2924 1021 2983 solutum
1071 2941 1203 2982 esse
1250 2926 1308 2983 et
1353 2943 1462 3000 per
1506 2939 1570 2983 se
1617 2930 2082 2984 consentaneum
2131 2931 2219 2985 est
2278 2931 2337 2985 et
2396 2945 2466 2986 eo
2528 2945 2663 2986 con-

347 3107 354 3114 ·
424 3023 712 3102 firmatur,
769 3025 927 3102 quod
989 3044 1140 3102 quas
1197 3025 1567 3086 conditiones
1612 3027 1979 3086 liberationis
2024 3026 2301 3104 Juppiter
2346 3029 2405 3087 in
2458 3030 2668 3088 Vineto

424 3128 585 3204 tulit,
648 3129 732 3186 eis
793 3129 852 3186 in
900 3128 1107 3188 Soluto
1153 3129 1430 3189 'Pitanem
1491 3128 1725 3190 subisse
1789 3135 1956 3189 certa
2001 3130 2337 3190 testimonia
2381 3135 2670 3206 prostant.

428 3231 661 3309 Nempe
707 3251 862 3309 quae
907 3233 966 3290 in
1017 3233 1230 3292 Vincto
1279 3233 1610 3293 Mercurius
1655 3233 1800 3292 dicit
1844 3252 1898 3290 v.
1936 3235 2096 3294 1026
2126 3252 2237 3310 sqq

629 3361 900 3426 τοιοῦδε
943 3357 1211 3445 μόχθου
1255 3361 1463 3446 τέρμα
1505 3359 1594 3446 μή
1639 3386 1706 3427 τι
1751 3355 2121 3447 προσδόκα,

629 3463 794 3546 πρὶν
839 3455 921 3527 ἂν
965 3465 1157 3528 θεῶν
1202 3487 1303 3540 τις
1348 3457 1657 3547 διάδοχος
1700 3468 1843 3528 τῶν
1888 3467 2028 3530 σῶν
2072 3462 2312 3530 πόνων

629 3568 826 3648 φανῇ,
874 3561 1130 3652 θελήσῃ
1174 3556 1232 3630 τ’
1279 3566 1370 3644 εἰς
1415 3557 1800 3654 ἀναύγητον
1842 3572 2077 3653 μολεῖν

632 3666 848 3752 Αΐδην
893 3665 1180 3750 κνεφαῖά
1224 3660 1282 3734 τ’
1329 3661 1495 3753 ἀμφὶ
1549 3666 1891 3756 Ταρτάρου
1937 3668 2117 3757 βάθη

429 3813 482 3871 ei
545 3813 879 3873 condicioni
941 3814 999 3872 in
1046 3812 1254 3873 Soluto
1301 3813 1670 3874 satisfactum
1717 3833 1851 3874 esse
1897 3815 2303 3893 Apollodorus
2350 3815 2526 3876 docet
2569 3817 2605 3876 l.
2638 3818 2674 3875 l.

428 3912 541 3975 καὶ
579 3911 861 3996 παρέσχε
907 3914 1274 3996 (Ηρακλῆς)
1319 3913 1420 3997 τῷ
1454 3912 1556 3977 Διὶ
1591 3912 1869 3997 Χίρωνα
1900 3909 2227 3999 θνήσκειν
2270 3904 2675 3994 [ἀθάνατον]

601 4138 644 4203 ¹)
677 4134 747 4190 cf.
783 4135 1049 4204 imprimis
1085 4151 1280 4191 versus
1316 4140 1415 4190 989
1441 4151 1562 4205 sqq.

836 4234 944 4294 οὐκ
981 4231 1140 4294 ἔστιν
1176 4230 1395 4305 αἴκισμ’
1431 4231 1564 4294 οὐδὲ
1599 4233 1882 4308 μηχάνημ’
1922 4228 2041 4312 ὅτῳ

833 4319 1232 4395 προτρέψεταί
1260 4341 1335 4391 με
1375 4320 1518 4388 Ζεὺς
1552 4329 1880 4394 γεγωνῆσαι
1915 4319 2053 4378 τάδε

835 4408 970 4484 πρὶν
1008 4403 1077 4470 ἂν
1108 4413 1381 4482 χαλασθῇ
1415 4405 1601 4478 δεσμὰ
1637 4405 2007 4485 λυμαντήρια.
