3309 5292
2586 417 2707 476 135

667 541 1007 669 πληρώοει
1053 576 1301 666 γαστὴρ
1346 581 1464 664 μία
1510 575 1632 646 σὸν
1679 576 1952 661 σκάφος.
2016 577 2214 646 εἴσιδε
2259 577 2552 664 κούρους

751 684 866 750 καὶ
910 680 1180 768 κούρας,
1231 683 1488 762 Φοίβου
1533 686 1751 748 σκῦλα
1795 682 1908 748 καὶ
1942 673 2330 768 Ἀρτέμιδος.

637 811 909 888 Denique
954 812 1015 871 in
1062 803 1605 885 Oedipo'Senecae
1651 807 1745 883 (V.
1772 813 1893 871 613
1914 811 1983 879 s.)
2041 812 2099 869 et
2144 808 2305 886 apud
2352 805 2601 868 Statium
2646 808 2707 867 in

461 913 648 973 Theb.
679 913 760 972 IV
807 916 928 973 575
951 930 1026 972 ss.
1072 913 1296 973 Niobes
1325 912 1577 972 animam
1619 913 1679 974 in
1726 910 1880 973 Orco
1926 912 2153 972 versari
2206 914 2505 988 narratur,
2550 909 2709 971 unde

467 1034 595 1076 eam
653 1014 896 1076 fabulae
958 1014 1237 1092 formam,
1300 1033 1453 1092 quae
1499 1015 1737 1075 Nioben
1804 1014 2097 1074 communi
2159 1014 2495 1075 mortalium
2543 1016 2705 1074 sorte

463 1118 682 1178 obiisse
725 1116 895 1193 facit,
963 1117 1245 1177 Romanis
1292 1117 1450 1176 haud
1498 1118 1761 1193 ignotam
1827 1116 2011 1178 fuisse
2058 1121 2325 1195 apparet.
2344 1114 2390 1190 ¹)
2480 1114 2710 1190 Quodsi

464 1225 708 1299 reputas
755 1239 828 1280 ex
875 1225 1161 1298 quattuor
1206 1220 1570 1292 auctoribuS‚
1617 1220 1718 1296 qui
1764 1220 1918 1280 hanc
1957 1220 2195 1280 fabulae
2242 1221 2499 1297 speciem
2531 1218 2710 1296 respi-

463 1324 644 1400 ciunt,
688 1323 839 1383 duos
886 1325 1254 1400 antiquiores
1300 1323 1359 1382 in
1406 1341 1476 1383 eo
1529 1323 1888 1399 consentire,
1934 1322 2097 1399 quod
2131 1322 2363 1382 Nioben
2396 1341 2530 1382 cum
2561 1320 2708 1382 Cha-

461 1443 606 1487 rone
656 1427 998 1503 loquentem
1044 1425 1294 1503 fingunt,
1338 1430 1591 1503 apparet
1637 1425 1709 1484 ad
1760 1444 2001 1485 carmen
2049 1423 2349 1502 quondam
2398 1425 2709 1485 celeberri-

461 1548 615 1588 mum
651 1547 847 1607 neque
878 1529 974 1588 vel
992 1530 1246 1607 Augusti
1280 1529 1647 1605 temporibus
1678 1545 1928 1605 prorsus
1960 1529 2229 1605 ignotum
2261 1528 2376 1587 hoc
2399 1529 2702 1588 inventum

459 1632 672 1692 redire.
757 1632 838 1692 At
883 1636 948 1692 ut
994 1631 1290 1693 Timothei
1339 1630 1777 1708 dithyrambum
1824 1631 1939 1691 hoc
1987 1649 2223 1691 carmen
2272 1631 2457 1691 fuisse
2501 1634 2703 1708 putem

460 1735 626 1794 nullo
659 1733 835 1794 modo
868 1754 905 1794 a
935 1753 1026 1795 me
1058 1735 1381 1812 impetrare
1419 1751 1681 1810 possum.
1754 1733 1937 1794 Cuius
1983 1734 2096 1793 etsi
2140 1735 2399 1793 carmina
2444 1733 2706 1793 auctoris

460 1842 712 1897 aetatem
760 1838 938 1914 longe
982 1838 1359 1914 superavisse
1407 1841 1665 1914 constat,
1711 1837 1991 1897 Romanis
2022 1836 2389 1914 temporibus
2435 1855 2507 1895 ea
2551 1834 2703 1896 adeo

458 1940 707 2016 vulgata
767 1940 976 2018 fuisse,
1035 1944 1100 2000 ut
1154 1939 1488 2000 sententiae
1548 1958 1624 1999 ex
1679 1941 1763 1999 eis
1810 1939 2193 1999 haurirentur
2238 1957 2357 1999 non
2404 1938 2705 1998 nominato

458 2039 636 2119 poeta
688 2075 740 2082 —
799 2042 860 2102 id
921 2043 1084 2120 quod
1147 2043 1288 2102 fecit
1362 2062 1538 2121 quem
1615 2044 1916 2118 Diogenes
1975 2043 2253 2102 Laertius
2313 2046 2557 2103 secutus
2615 2048 2706 2103 est

459 2151 666 2206 auctor
707 2177 759 2187 —-
803 2146 1115 2230 Niobeque
1155 2145 1570 2222 dithyrambus
1615 2151 1683 2205 ut
1726 2163 1909 2205 unum
1944 2147 2277 2223 exemplum
2311 2147 2439 2205 eius
2468 2145 2706 2206 fabulae

457 2250 869 2309 narrationum
917 2249 1249 2325 afferretur,
1295 2267 1426 2308 cum
1473 2254 1533 2308 et
1563 2249 1899 2324 Aeschylus
1942 2253 1999 2307 et
2031 2246 2359 2326 Sophocles
2403 2249 2461 2306 in
2497 2247 2702 2308 eodem

456 2356 810 2429 argumento
858 2353 1076 2411 versati
1122 2355 1342 2428 essent,
1385 2351 1444 2410 id
1477 2355 1544 2410 ut
1576 2350 1715 2409 mihi
1746 2350 2145 2428 persuadeam
2179 2352 2414 2412 minime
2444 2351 2699 2411 animum

458 2455 694 2515 induco.
790 2459 871 2514 At
934 2453 1197 2516 concedo
1260 2455 1375 2514 hoc
1436 2459 1851 2531 argumentum
1913 2454 2168 2514 fortasse
2232 2473 2439 2530 parum
2500 2454 2700 2514 valere

457 2557 534 2616 ad
579 2558 933 2618 sententiam
979 2575 1169 2616 meam
1213 2556 1642 2616 stabiliendam.
1730 2557 2017 2634 Largior,
2066 2557 2226 2634 quod
2272 2575 2418 2616 sane
2464 2558 2703 2617 minime

455 2665 620 2738 puto,
664 2661 916 2737 primum
963 2661 1338 2720 Timotheum
1385 2660 1612 2720 Niobes
1657 2659 1803 2719 illud
1852 2677 1982 2719 cum
2016 2659 2293 2720 Chai-one
2339 2660 2699 2736 colloquium

457 2762 720 2841 finxisse,
764 2767 826 2822 at
868 2767 1047 2824 totam
1095 2763 1349 2840 speciem
1397 2781 1514 2822 non
1564 2763 1691 2822 eius
1738 2762 1980 2839 ingenio
2027 2761 2231 2822 deberi
2262 2763 2696 2840 apertissimum

455 2865 738 2924 indicium
802 2870 997 2926 exstat
1056 2864 1364 2942 Euripidis
1411 2864 1687 2925 Alcestis.
1776 2864 1911 2938 Quo
1972 2865 2123 2924 enim
2187 2865 2320 2925 loco
2375 2866 2586 2941 regina
2639 2863 2699 2924 in

455 2986 728 3028 scaenam
775 2968 1062 3044 procedit,
1106 2970 1172 3027 ut
1215 2969 1327 3027 iam
1375 2967 1642 3027 ultimum
1691 2967 1833 3028 solis
1866 2968 2000 3027 luce
2034 2967 2283 3044 fruatur,
2329 2969 2543 3028 mentis
2586 2969 2699 3026 iam

457 3070 586 3130 fere
631 3071 892 3130 alienata
936 3071 1122 3131 verba
1169 3069 1401 3148 profert
1444 3069 1653 3147 gravia
1699 3068 1912 3130 severa

762 3194 905 3288 ὃρῶ
953 3202 1281 3282 δίκωπον,
1327 3191 1470 3286 ὁρᾶ
1514 3197 1768 3284 σκάφος

759 3301 1027 3369 νεκύων
1073 3304 1144 3368 δὲ
1187 3295 1534 3388 πορθμεὺς

761 3405 933 3490 ἔχων
962 3397 1100 3491 χέρ’
1123 3406 1234 3472 ἐπὶ
1267 3408 1496 3491 κοντῷ
1515 3401 1767 3491 Χάρων
1795 3397 1862 3491 μ’
1885 3400 2014 3492 ἤδη
2038 3411 2233 3472 καλεῖ
2243 3427 2254 3440 ·
2320 3407 2385 3470 τί.
2414 3407 2703 3492 μέλλεις;

758 3507 1048 3593 ἐπείγου.
1118 3505 1201 3574 σὺ
1241 3509 1623 3593 κατείργεις.

758 3607 919 3677 τάδε
963 3612 1070 3676 τοί
1113 3634 1193 3695 με
1242 3609 1693 3696 σπερχόμενος
1736 3607 2015 3696 ταχύνει.

453 3757 748 3817 Timothei
781 3756 1204 3834 Euripidisque
1251 3758 1414 3817 locos
1446 3756 1736 3817 artissime
1767 3758 1924 3817 inter
1967 3775 2031 3816 se
2062 3757 2386 3819 cohaerere
2418 3761 2697 3835 apparet3

454 3864 560 3920 aut
588 3859 940 3921 Timotheus
972 3860 1318 3937 Euripidem
1365 3859 1631 3920 imitatus
1677 3865 1767 3920 est
1811 3865 1915 3921 aut
1958 3860 2031 3919 ab
2063 3861 2403 3938 antiquiore
2435 3861 2693 3936 quodam

449 3947 726 4039 exemplo
786 3966 1040 4039 uterque
1102 3961 1342 4040 pendet.
1427 3963 1581 4023 Tum
1638 3981 1782 4023 vero
1841 3963 1941 4022 vix
1996 3963 2056 4023 in
2120 3978 2189 4023 eo
2245 3965 2492 4024 haerere
2536 3963 2697 4038 licet,

451 4069 647 4126 utrum
681 4065 1035 4125 Timotheus
1065 4065 1370 4142 Euripidis
1401 4069 1588 4126 artem
1623 4065 1701 4126 ad
1725 4066 2008 4143 Aeschyli
2040 4070 2455 4142 argumentum
2488 4067 2697 4142 ampli-

621 4231 664 4299 ²)
701 4229 904 4285 Contra
928 4229 1138 4284 Seneca
1161 4229 1359 4298 Agam.
1395 4233 1492 4283 372
1507 4245 1581 4285 ss.
1632 4230 1852 4284 Hercul.
1872 4229 1992 4284 Oct.
2018 4235 2132 4284 185.
2186 4230 2403 4285 Hercul.
2424 4229 2521 4285 fur.
2545 4235 2643 4285 390
2656 4247 2702 4285 s.

451 4315 732 4384 vulgarem
754 4316 825 4370 de
844 4315 1022 4371 Niobe
1041 4315 1097 4369 in
1117 4330 1306 4370 saxum
1329 4330 1490 4370 versa
1513 4315 1876 4371 narrationem
1901 4315 2125 4385 profert.
2174 4315 2381 4371 Statius
2400 4315 2575 4371 Theb.
2601 4320 2695 4370 120

452 4405 681 4466 matrem
718 4401 1010 4456 liberorum
1048 4415 1212 4456 urnas
1249 4401 1318 4455 ad
1356 4401 1601 4474 Sipylum
1639 4401 2006 4456 deducentem
2042 4399 2185 4458 facit.
