3309 5292
2576 405 2695 466 143

461 570 918 648 interficeretur,
964 571 1282 649 Euripides
1325 571 1657 630 Pentheum
1705 589 1741 630 a
1788 572 2137 632 mulieribus
2182 571 2500 632 dilacerari
2544 571 2700 650 fecit,

461 677 520 732 et
563 674 839 750 quamvis
872 674 1244 751 Aeschyleae
1277 673 1514 733 fabulae
1545 691 1767 734 scaena
1796 678 1979 751 atque
2011 678 2424 752 argumentum
2455 675 2700 751 lateant,

463 777 576 834 hoc
621 780 818 836 tamen
864 795 1082 853 negare
1128 777 1265 836 licet
1309 775 1572 836 vinctum
1604 777 1936 854 Dionysum
1982 779 2361 854 processisse,
2406 795 2582 856 quem
2620 778 2697 837 ad

462 877 697 938 modum
762 879 936 939 deum
999 879 1159 955 apud
1215 878 1556 958 Euripidem
1619 897 1998 956 progressum
2064 880 2345 941 videmus.
2433 883 2514 942 Ut
2555 900 2698 942 vero

463 981 951 1043 dilacerationem
1017 983 1177 1058 regis
1246 1001 1364 1042 non
1429 982 1624 1059 ipsum
1686 981 2033 1059 Euripidem
2101 982 2399 1044 invenisse
2458 984 2562 1044 sed
2624 1003 2698 1044 ex

461 1085 800 1161 antiquiore
844 1084 1100 1161 quadam
1142 1083 1342 1145 fabula
1373 1085 1728 1162 repetivisse
1757 1103 1942 1162 supra
1973 1085 2378 1146 demonstravi
2408 1079 2496 1162 (p.
2522 1091 2557 1147 ’7
2582 1085 2702 1164 ss.),

462 1188 546 1247 ita
605 1186 916 1246 illustratis
964 1187 1242 1264 Aeschyli
1292 1187 1517 1246 Edonis
1576 1190 1829 1263 apparet
1887 1189 1939 1246 ei
1997 1206 2071 1247 ne
2117 1189 2177 1248 in
2226 1189 2416 1265 prima
2460 1188 2696 1266 quidem

460 1293 632 1365 parte
722 1287 961 1349 fabulae
1050 1288 1464 1366 componenda
1550 1289 1885 1366 exemplum
1977 1289 2276 1368 defuisse,
2362 1291 2520 1367 quod
2612 1309 2698 1351 se-

463 1395 766 1468 queretur.
863 1393 1112 1452 Vinctus
1169 1391 1324 1453 enim
1370 1392 1678 1468 Dionysus
1720 1391 1879 1468 regis
1926 1391 2089 1451 iussu
2136 1392 2193 1451 in
2241 1410 2516 1452 scaenam
2566 1412 2700 1470 pro·

465 1494 690 1571 ductus,
735 1513 867 1555 cum
914 1494 1149 1554 inimico
1196 1496 1538 1565 altercatus,
1585 1494 1875 1567 miraculo
1915 1511 1978 1554 se
2008 1493 2200 1571 ipsum
2234 1494 2497 1556 liberans
2527 1493 2701 1557 domo

463 1599 896 1674 procumbente
957 1596 1105 1657 haec
1165 1597 1362 1657 omnia
1428 1597 1488 1655 iu
1550 1595 1777 1656 Edonis
1843 1596 2109 1657 similiter
2175 1597 2701 1674 conspiciebantur

462 1704 642 1776 atque
688 1700 744 1759 in
796 1698 996 1758 fabula
1027 1698 1374 1776 Euripidea,
1419 1716 1614 1776 neque
1654 1697 1915 1758 dubitari
1946 1703 2159 1777 potest,
2205 1695 2349 1777 quin
2382 1701 2703 1778 Euripides

460 1803 535 1861 ad
582 1801 932 1862 Edonorum
973 1802 1309 1878 exemplum
1342 1800 1586 1877 primam
1620 1804 1850 1876 partem
1884 1801 2253 1862 Baccharum
2287 1805 2702 1879 composuerit.

464 1904 838 1980 Quamquam
904 1905 954 1962 is
1016 1921 1134 1962 non
1183 1902 1360 1962 anxie
1403 1901 1688 1978 Aeschyli
1737 1904 1987 1978 vestigia
2030 1905 2275 1982 pressit,
2329 1924 2459 1965 cum
2506 1923 2702 1982 neque

463 2005 636 2066 deum
686 2007 744 2065 in
791 2005 1017 2066 Edonis
1055 2004 1388 2082 praefatum
1423 2022 1557 2064 esse
1588 2005 1863 2082 sciamus,
1909 2023 2105 2083 neque
2136 2006 2396 2067 divinam
2428 2013 2699 2068 naturam

465 2109 797 2186 Dionysum
847 2109 1136 2168 celavisse
1181 2107 1499 2167 verisimile
1543 2107 1635 2167 sit.
1725 2107 1792 2166 Id
1841 2109 1997 2168 enim
2044 2109 2141 2168 vix
2187 2108 2314 2169 fieri
2361 2111 2557 2186 potuit
2590 2111 2699 2168 nisi

463 2212 902 2288 spectatoribus
947 2216 1125 2270 antea
1171 2210 1244 2268 de
1290 2209 1504 2269 fraude
1550 2209 1907 2270 certioribus
1954 2210 2141 2271 factiS.

633 2420 798 2478 Inter
844 2436 1038 2495 pauca
1083 2434 1238 2493 quae
1283 2417 1395 2476 sub
1441 2417 1614 2476 titulo
1648 2409 2033 2478 Bassaridum
2081 2422 2322 2477 servata
2365 2423 2504 2477 sunt
2547 2417 2704 2494 frag-

460 2527 664 2594 menta
710 2521 865 2580 haud
916 2521 1136 2596 exiguo
1167 2517 1386 2579 fructui
1420 2526 1562 2578 sunt
1590 2537 1821 2591 versus,
1866 2538 2014 2595 quos
2046 2519 2413 2597 Hephaestio
2444 2523 2707 2580 servavit

464 2625 706 2684 Enclnir.
742 2629 837 2704 13,
868 2627 948 2685 82
1005 2612 1084 2680 τὸ
1132 2617 1204 2680 δὲ
1247 2608 1648 2698 βακχειακὸν
1694 2611 1983 2680 σπάνιόν
2026 2613 2227 2695 ἐστιν,
2272 2609 2445 2682 ὥστε
2490 2615 2549 2681 εἰ
2594 2617 2706 2680 καί

463 2718 602 2787 πού
649 2743 816 2786 ποτε
863 2717 1153 2803 ἐμπέσοι,
1204 2717 1311 2783 ἐπὶ
1359 2715 1566 2802 βραχύ
1612 2717 2058 2802 εὑρίσκεσθαι,
2105 2712 2256 2784 οἷον

771 2813 808 2888 ὁ
854 2825 1103 2905 ταῦρος
1149 2813 1206 2885 δ’
1253 2818 1472 2886 ἔοικεν
1517 2821 1811 2903 κυρὶξειν
1855 2810 1983 2886 uv'
2028 2817 2263 2905 α’ρχάν,

773 2921 1170 3007 φθάσαντος
1217 2914 1274 2987 δ’
1319 2916 1425 2988 ἐπ’
1471 2921 1690 3008 ἔργοις
1733 2919 2239 3009 προπηδήσεταί
2283 2947 2407 2988 νιν.

465 3039 693 3097 Locum
743 3053 918 3112 quem
967 3034 1445 3093 obscurissimum
1492 3032 1805 3092 Nauckius
1850 3032 2011 3106 dicit,
2055 3032 2182 3093 fere
2226 3036 2389 3093 recte
2435 3034 2494 3092 in
2541 3033 2708 3092 libris

465 3138 621 3198 tradi
682 3141 854 3215 puto,
912 3137 1025 3196 nisi
1085 3136 1243 3213 quod
1309 3134 1490 3195 verba
1545 3119 1650 3192 ἐπ’
1696 3124 1912 3212 ἔργοις
1967 3154 2085 3194 non
2132 3135 2406 3211 expedio.
2494 3137 2708 3212 Neque

469 3260 612 3301 sane
660 3240 976 3300 verisimile
1022 3244 1112 3298 est
1157 3256 1288 3297 cum
1337 3236 1398 3298 et
1442 3236 1683 3314 singula
1726 3236 1912 3296 verba
1957 3237 2193 3314 integra
2222 3239 2481 3298 existent
2513 3256 2706 3315 neque

470 3347 716 3402 metrum
787 3341 1077 3414 offendat,
1144 3357 1354 3399 versus
1413 3339 1694 3415 graviore
1756 3339 2102 3416 corruptela
2162 3339 2505 3416 inquinatos
2561 3357 2707 3400 esse.

467 3445 910 3505 Praetermissis
969 3445 1150 3519 igitur
1209 3442 1414 3501 verbis
1477 3427 1579 3499 ἐπ’
1626 3431 1845 3518 ἔργοις
1900 3445 2085 3502 totum
2135 3442 2333 3501 locum
2378 3443 2463 3502 sic
2508 3446 2708 3503 verto:

469 3552 686 3605 taurus
731 3547 970 3605 videtur
1016 3546 1183 3604 initio
1230 3544 1514 3603 cornibus
1556 3544 1763 3602 nescio
1811 3559 1984 3617 quem
2019 3550 2264 3618 petere,
2310 3543 2413 3603 ubi
2447 3545 2707 3619 primum

467 3665 605 3709 vero
668 3651 770 3709 ille
830 3664 961 3708 eum
999 3647 1588 3722 praeoccupaverit,
1636 3653 2031 3720 praecurret.
2119 3648 2305 3706 Tauri
2350 3647 2704 3707 vocabulum

469 3771 598 3812 cum
664 3753 720 3811 in
783 3751 1014 3827 fabula,
1076 3751 1246 3810 cuius
1307 3751 1528 3827 primas
1587 3753 1787 3824 partes
1832 3750 2134 3826 Dionysus
2194 3751 2340 3826 egit,
2400 3749 2475 3808 ad
2533 3749 2707 3808 deum

471 3860 744 3933 spectare
794 3873 967 3914 nemo
1014 3855 1226 3930 opinor
1270 3853 1452 3912 semel
1485 3851 1825 3911 admonitus
1857 3856 2181 3928 negaturus
2211 3853 2302 3928 sit,
2350 3851 2424 3911 de
2455 3852 2709 3927 Dionysi

469 3959 560 4016 ira
622 3956 884 4034 praedici
945 3957 1200 4016 videtur.
1308 3956 1569 4014 Minatur
1627 3955 1807 4030 igitur
1867 3955 2114 4032 chorus,
2174 3954 2269 4013 cui
2328 3955 2437 4014 hos
2495 3973 2709 4014 versus

468 4059 820 4120 tribuendos
865 4076 996 4120 esse
1043 4060 1103 4118 in
1150 4057 1463 4135 propatulo
1510 4060 1615 4134 est,
1663 4056 1837 4118 deum
1871 4075 2037 4117 suum
2071 4057 2476 4117 adversarium
2511 4056 2713 4115 divina

470 4162 731 4239 quadam
795 4163 852 4220 vi
911 4166 1332 4240 superaturum
1396 4178 1542 4220 esse.
1646 4159 1845 4236 Atque
1904 4160 2175 4237 profecto
2236 4161 2537 4235 ingentem
2592 4160 2706 4217 vim

469 4265 560 4324 his
620 4264 890 4324 versibus
949 4265 1196 4324 subesse
1256 4264 1369 4340 ipsi
1428 4263 1659 4322 numeri
1717 4262 1950 4323 docent.
2038 4265 2190 4323 Nam
2238 4265 2306 4321 ut
2351 4262 2447 4320 vel
2491 4261 2709 4337 singuli

393 4389 396 4392 ·
471 4368 794 4430 tetrametri
865 4366 1169 4429 bacchiaci
1237 4366 1396 4447 apud
1464 4365 1821 4449 Aeschylum
1889 4366 2126 4425 nonnisi
2186 4364 2503 4453 perpaucis
2566 4363 2708 4430 locis
