3309 5292
1660 1118 1662 1120 -
1680 1102 1863 1131 2:335:

605 1357 1004 1431 Quaestiones
1033 1375 1182 1434 quas
1210 1356 1270 1416 in
1303 1358 1416 1416 hoc
1437 1356 1636 1416 libello
1661 1355 1801 1414 mihi
1832 1356 2054 1432 sumpsi
2077 1353 2423 1415 tractandas
2454 1352 2695 1430 duplex·

435 1479 651 1521 munus
683 1461 1169 1538 complectuntur
1197 1447 1520 1535 colligendi
1551 1462 1849 1535 quotquot
1880 1461 2260 1518 monumenta
2288 1455 2365 1516 ad
2397 1455 2678 1532 Aeschyli

435 1563 779 1640 tragoedias
838 1566 1145 1639 spectant,
1201 1559 1510 1621 scrutandi
1565 1579 1721 1638 quae
1778 1559 1854 1620 ad
1898 1561 2253 1620 invenienda
2308 1558 2677 1638 perditarum

436 1665 779 1726 fabularum
817 1671 1171 1742 argumenta
1215 1663 1357 1723 inde
1401 1662 1761 1723 efficiantur.
1847 1663 2117 1722 Alterum
2165 1661 2425 1723 officium
2473 1660 2611 1721 inde
2643 1680 2681 1720 a

437 1768 739 1828 Welckeri
769 1768 1052 1826 memoria
1083 1767 1383 1826 desertum
1405 1749 1410 1752 ¹
1430 1765 1559 1825 fere
1589 1784 1661 1825 ac
1693 1766 2034 1842 neglectum
2065 1763 2250 1842 iacet,
2296 1764 2681 1824 monumenta

437 1871 511 1929 ad
558 1871 919 1946 Aeschylum
968 1887 1255 1930 revocare
1300 1869 1500 1928 multis
1545 1869 1735 1928 modis
1782 1869 1953 1928 multi
1996 1867 2380 1928 studuerunt.
2466 1867 2682 1944 Neque

437 1977 657 2048 tamen,
702 1973 762 2031 in
807 1990 1058 2048 quorum
1093 1990 1346 2031 censura
1379 1972 1703 2049 praecipue
1748 1988 1990 2047 operam
2024 1974 2533 2048 consumpserunt,
2564 1987 2683 2028 mo·

441 2079 728 2135 numenta
772 2075 831 2134 in
879 2073 1134 2135 Orestea
1177 2073 1382 2133 fabula
1425 2077 1667 2132 versata
1703 2072 1927 2132 idcirco
1966 2071 2495 2149 praetermittenda
2540 2071 2685 2130 duxi

440 2179 566 2238 sive
610 2176 822 2254 paucis
874 2176 1258 2250 absolvenda,
1302 2177 1612 2236 luculenta
1655 2175 1887 2236 scilicet
1930 2193 2003 2235 ea
2047 2175 2320 2252 exempla
2348 2178 2536 2248 ratus,
2565 2192 2686 2251 qua

442 2278 673 2340 ratione
726 2279 786 2339 in
831 2277 1050 2338 fabulis
1107 2278 1480 2339 illustrandis
1540 2283 1775 2339 veteres
1835 2279 1924 2338 usi
1985 2278 2121 2338 sint.
2206 2276 2685 2338 Fundamentum

444 2383 627 2460 igitur
695 2400 766 2440 ea
823 2386 1160 2458 praestant,
1225 2380 1384 2442 unde
1443 2382 1504 2440 in
1571 2380 1959 2442 restituendis
2022 2380 2097 2440 ad
2165 2383 2683 2440 monumentorum

441 2485 617 2546 fidem
663 2483 1038 2562 perditarum
1082 2484 1419 2545 fabularum
1450 2483 1817 2560 argumentis
1852 2483 2319 2560 proficiscamur.
2392 2483 2687 2558 Quocirca

443 2590 527 2647 ita
571 2587 942 2665 progrediar,
989 2590 1054 2647 ut
1097 2588 1352 2664 primum
1400 2605 1473 2648 ea
1503 2591 1887 2648 monumenta
1917 2587 2224 2660 illustrem,
2268 2605 2423 2663 quae
2454 2585 2530 2646 ad
2562 2603 2685 2646 ser·

443 2694 614 2750 vatas
658 2689 890 2750 fabulas
931 2693 1240 2766 specteut;
1298 2693 1420 2750 tum
1467 2707 1539 2750 ea
1583 2688 2121 2765 comprehendam,
2174 2707 2333 2766 quae
2388 2689 2501 2749 etsi
2555 2688 2685 2748 iure

443 2793 518 2852 ad
563 2792 907 2870 deperditas
951 2791 1238 2870 quasdam
1281 2786 1568 2868 Aeschyli
1613 2792 1847 2853 fabulas
1889 2791 2249 2867 referuntur,
2291 2797 2490 2852 tamen
2538 2791 2686 2851 nihil

447 2894 586 2955 novi
640 2894 897 2956 doceant
952 2899 1012 2954 et
1070 2895 1144 2954 ad
1202 2900 1556 2972 argumenta
1614 2893 1948 2954 fabularum
2011 2894 2433 2972 cognoscenda
2492 2895 2687 2954 minus

445 2998 719 3068 valeant3
767 2996 1026 3074 denique
1073 2997 1147 3057 de
1178 2998 1262 3057 eis
1294 2997 1595 3074 disseram,
1637 3015 1793 3074 quae
1834 2998 2265 3082 accuratiorem
2302 2995 2691 3074 suppeditent

447 3100 715 3161 notitiam
760 3099 1092 3160 fabularum
1140 3099 1603 3177 deperditarum.

616 3204 854 3264 Initium
903 3203 1057 3262 facio
1102 3221 1178 3262 ex
1223 3204 1308 3262 eis
1354 3203 1779 3277 monumentis,
1832 3221 1987 3278 quae
2032 3200 2360 3262 Orestem
2406 3201 2691 3264 exhibent

453 3306 782 3384 supplicem
829 3304 902 3364 ad
945 3304 1282 3380 omphalum
1317 3305 1616 3381 Apollinis
1665 3304 2090 3365 considentem.
2183 3303 2367 3366 Cuius
2410 3303 2534 3365 fata
2578 3305 2689 3364 etsi

447 3410 523 3469 ad
581 3407 1170 3469 fidemXStes'ichorei
1229 3409 1509 3467 carminis
1566 3409 1681 3468 iam
1735 3410 1875 3468 ante
1928 3426 2151 3468 annum
2205 3408 2443 3468 tertium
2491 3406 2688 3484 Olym-

451 3510 646 3588 piadis
689 3511 906 3570 LXXX
968 3509 1108 3570 ficta
1161 3513 1439 3590 pictaque
1503 3509 1688 3571 fuisse
1742 3514 1976 3571 constat
2026 3529 2225 3588 neque
2286 3511 2345 3571 in
2409 3511 2691 3587 operibus

450 3618 587 3692 post
610 3613 974 3690 Aeschylum
1019 3612 1192 3672 factis
1237 3612 1648 3674 Stesichoreae
1694 3615 2073 3676 narrationis·
2099 3613 2351 3690 vestigia
2392 3603 2693 3690 desunt1),

453 3723 651 3778 tamen
701 3720 868 3777 tanta
911 3720 1043 3776 erat
1086 3715 1459 3793 Aeschyleae
1501 3716 1848 3794 tragoediae
1894 3717 2220 3776 auctoritas
2264 3716 2424 3794 apud
2470 3733 2693 3793 omnes,

453 3820 558 3896 qui
581 3824 717 3896 post
737 3838 873 3881 eum
900 3819 959 3878 in
994 3819 1108 3878 hoc
1139 3823 1489 3895 argumento
1515 3819 1737 3880 versati
1766 3823 1926 3896 sunt,
1945 3823 2012 3879 ut
2042 3818 2265 3879 nullius
2294 3817 2421 3878 fere
2452 3817 2692 3878 fabulae

455 3941 652 3998 neque
694 3922 978 3999 Aeschyli
1035 3939 1232 4000 neque
1288 3921 1592 3998 Euripidis
1625 3909 1819 4000 'plura
1878 3922 1937 3981 in
1993 3921 2390 3982 monumentis
2443 3921 2694 3998 vestigia

452 4025 786 4086 videamus.
917 4025 1139 4102 Magno
1205 4042 1239 4084 e
1306 4043 1555 4085 numero
1624 4044 1696 4085 ea
1761 4025 2130 4101 potissimum
2198 4025 2353 4102 elegi
2420 4024 2697 4101 exempla

453 4146 611 4205 quae
687 4127 762 4186 ad
839 4128 1164 4199 rationem,
1253 4145 1411 4203 quae
1485 4129 1640 4187 inter
1713 4129 1999 4203 pictorem
2074 4131 2132 4186 et
2204 4131 2437 4203 poetam
2516 4127 2693 4186 inter-

455 4229 650 4306 cedat,
696 4228 1176 4308 perspiciendam
1211 4229 1462 4289 maxime
1492 4231 1847 4306 pertineant.
1936 4230 2137 4306 Atque
2167 4228 2421 4306 primum
2456 4229 2694 4305 quidem

625 4397 668 4460 ¹)
706 4393 830 4450 Vid.
867 4392 1097 4460 Robert,
1132 4393 1257 4446 Bild
1293 4393 1406 4448 und
1441 4394 1577 4448 Lied
1611 4410 1666 4462 p.
1698 4399 1791 4448 149
1804 4409 1879 4448 ss.

552 4515 672 4556 Dina.
699 4516 817 4566 phu.
847 4515 948 4555 11⁸1.
975 4514 1111 4554 xm.
2324 4516 2355 4566 g

1189 4834 1622 4924 108021„
