3309 5292
609 431 730 489 114

606 605 818 678 patera
839 598 888 672 ¹)
945 603 1008 659 et
1061 599 1240 676 pyxis
1255 595 1306 672 ²)
1372 602 1630 676 utraque
1690 598 2065 658 Parisiensis.
2160 598 2535 658 Posteriores
2598 598 2855 658 artifices

609 702 760 780 quin
803 721 926 762 non
984 703 1382 778 antiquiorem
1426 702 1600 762 istam
1662 701 1929 761 fabulam
1974 701 2081 761 sed
2128 701 2515 779 Euripideam
2560 702 2619 761 in
2658 705 2857 760 mente

611 806 953 878 habuerint,
1014 823 1126 882 pro
1169 804 1388 864 eximia
1432 805 1612 865 laude
1655 806 2057 877 Baccharum,
2109 823 2267 882 quae
2318 805 2589 881 priorum
2648 822 2855 863 narra-

617 909 848 969 tionum
891 909 1234 968 memoriam
1279 907 1408 968 fere
1451 908 1757 985 exstinxit,
1800 907 2039 968 dubium
2084 926 2221 968 esse
2262 909 2485 984 nequit.

784 1011 978 1087 Magis
1021 1009 1102 1070 ad
1146 1013 1416 1070 nostrum
1475 1009 1739 1070 studium
1793 1011 2012 1070 attinet
2068 1011 2261 1071 altera
2312 1011 2519 1070 classis
2560 1028 2859 1086 vasorum,

611 1131 767 1191 quae
817 1113 894 1173 ab
947 1114 1258 1189 Hartwigo
1315 1112 1450 1172 aliis
1501 1114 1781 1189 neglecta
1832 1113 2207 1190 Aeschyleae
2263 1112 2505 1172 fabulae
2562 1113 2747 1190 plana
2798 1117 2861 1172 et

610 1219 820 1293 aperta
861 1216 1038 1292 signa
1079 1233 1228 1294 prae
1287 1233 1354 1275 se
1397 1215 1558 1276 ferre
1600 1215 1859 1276 videtur.
1946 1217 2109 1276 Ecce
2152 1221 2667 1276 monumentorum
2714 1233 2854 1274 cou-

607 1323 904 1396 spectum:

781 1423 852 1482 Iu
897 1426 1110 1498 patera
1147 1422 1484 1482 Rubustina
1527 1420 1717 1495 (Jatta
1750 1420 1939 1495 1617)
1982 1422 2291 1482 Pentheus
2334 1421 2621 1499 palliatus
2662 1439 2857 1480 arma-

612 1530 832 1602 tusque
875 1543 942 1585 se
985 1530 1198 1586 contra
1239 1525 1394 1585 duas
1424 1524 1747 1585 maenades
1775 1525 2069 1600 defendit,
2112 1544 2269 1602 quae
2299 1527 2597 1602 utrimque
2628 1525 2691 1584 in
2723 1542 2859 1585 eum

611 1632 956 1688 occurrunt.
1037 1627 1248 1688 Altera
1276 1626 1544 1703 gladium
1575 1628 1707 1702 regi
1734 1626 2009 1701 intendit,
2052 1627 2243 1687 altera
2270 1629 2481 1704 thyrso
2513 1645 2647 1687 eum
2680 1626 2861 1686 ferire

614 1735 884 1790 conatur.
985 1730 1306 1789 Vasculum
1376 1747 1726 1806 expressum
1795 1734 1889 1790 est
1952 1729 2115 1808 apud
2180 1731 2454 1790 Jahnium
2476 1775 2491 1801 ‚
2556 1730 2863 1790 Pentheus

611 1833 732 1894 tab.
761 1833 902 1893 Iab.
930 1863 1018 1872 —
1048 1833 1290 1893 Bullett.
1333 1833 1490 1909 Nap.
1519 1832 1605 1892 IV
1635 1834 1757 1892 tab.
1782 1837 1839 1907 2,
1869 1835 1926 1894 3.
1946 1864 2033 1872 —
2064 1833 2629 1911 Muller-Wieseler,
2658 1831 2859 1894 Deuk-

614 1936 800 1995 mitler
830 1935 890 1995 11
919 1938 1064 1995 426.

783 2039 1056 2097 Pateram
1102 2036 1242 2098 item
1288 2038 1683 2098 Rubustinam
1730 2057 1889 2114 quae
1933 2057 2095 2098 nunc
2138 2042 2337 2098 exstat
2377 2037 2441 2098 in
2481 2055 2685 2098 museo
2716 2039 2861 2114 pub-

617 2141 736 2200 lico
787 2140 1320 2216 Neapolitanorum
1366 2143 1566 2213 2562,
1625 2139 1958 2201 simillimae
2016 2142 2240 2218 speciei
2296 2143 2535 2218 pictura
2592 2146 2861 2201 ornatam

614 2260 749 2303 esse
795 2241 1146 2321 Hartwigus
1189 2241 1447 2302 affirmat
1491 2243 1548 2310 (l.
1581 2261 1630 2302 e.
1675 2263 1733 2320 p.
1767 2246 1907 2319 154,
1938 2241 2019 2316 2).
2106 2244 2443 2316 Minervini‚
2482 2245 2656 2304 Mem.
2695 2244 2861 2304 acad.

613 2349 732 2406 tav.
771 2347 814 2406 1.
862 2376 948 2386 —-
1009 2345 1294 2406 Memorie
1357 2344 1515 2406 della
1559 2347 1629 2405 R.
1673 2345 1843 2406 acad.
1887 2347 2085 2406 Ercol.
2124 2348 2221 2407 IX.
2276 2352 2393 2407 tav.
2422 2347 2521 2406 IV.
2582 2378 2661 2388 —
2715 2349 2865 2408 Mus.

616 2448 796 2509 Borb.
819 2449 960 2509 XVI
1005 2453 1124 2510 tav.
1149 2448 1252 2508 XI.
1279 2479 1364 2489 —
1394 2448 1810 2527 Heydemann,
1838 2451 2039 2510 Vasen
2070 2449 2176 2509 des
2206 2450 2414 2510 Museo
2447 2450 2763 2510 nazionale
2791 2469 2863 2510 zu

614 2551 846 2628 Neapel
871 2553 1057 2612 2562.

783 2671 1006 2731 Patera
1066 2672 1254 2732 musei
1316 2672 1693 2732 Monacensis
1739 2675 1861 2734 807
1923 2672 2167 2733 exhibet
2224 2691 2455 2748 regem,
2516 2673 2620 2748 qui
2682 2672 2863 2750 pallio

617 2773 836 2833 calceis
879 2773 1039 2850 pileo
1086 2772 1334 2834 indutus
1376 2775 1533 2834 inter
1575 2775 1823 2835 arbores
1868 2774 2016 2835 duas
2060 2774 2333 2835 subsidet
2384 2774 2652 2852 gladium
2698 2775 2864 2834 stric-

616 2880 739 2936 tum
788 2876 846 2936 in
891 2894 1072 2936 manu
1116 2881 1350 2937 tenens.
1435 2877 1590 2936 Tres
1637 2878 1939 2954 utrimque
1998 2878 2321 2938 maenades
2375 2878 2436 2937 in
2481 2896 2613 2937 eum
2660 2895 2867 2937 occur-

615 2985 774 3039 runt.
859 2979 1048 3053 Jahn,
1101 2979 1408 3039 Pentheus
1437 2980 1557 3039 IIa.
1619 3011 1705 3019 —
1769 2981 2116 3058 Millingen,
2182 2981 2497 3040 Peintures
2556 2979 2632 3040 de
2692 2999 2867 3040 vases

615 3083 697 3160 pl.
732 3083 800 3142 V.
846 3111 929 3121 —
972 3082 1364 3160 Baumeister,
1408 3082 1777 3144 Denkmaler
1807 3085 1865 3143 11
1910 3083 2010 3160 fig.
2044 3087 2228 3146 1396.
2273 3114 2356 3124 —-
2410 3085 2596 3156 Jahn,
2644 3086 2865 3144 Vasen-

617 3183 955 3262 sammlung
1000 3185 1060 3244 in
1107 3185 1406 3245 Manchen
1451 3189 1592 3248 807.

789 3287 1135 3364 Hartwigus
1165 3288 1204 3347 l.
1235 3307 1288 3348 c.
1332 3308 1389 3365 p.
1416 3293 1535 3350 162
1584 3290 1760 3350 etiam
1793 3293 2062 3367 pateram
2092 3289 2377 3350 ineditam
2408 3291 2597 3351 musei
2640 3291 2701 3349 in
2748 3289 2868 3350 Juli

620 3391 827 3466 Papae
872 3390 1052 3448 vinea
1097 3408 1291 3467 nuper
1335 3390 1560 3451 conditi
1623 3392 1739 3452 huc
1799 3393 2054 3470 rettulit,
2110 3411 2288 3470 quam
2347 3400 2604 3454 exeunte
2658 3392 2868 3470 quinto

621 3492 862 3551 saeculo
909 3496 1177 3552 ornatam
1227 3510 1359 3554 esse
1404 3492 1682 3555 affirmat.
1771 3495 1964 3572 Crispi
2018 3497 2254 3556 iuvenis
2308 3501 2491 3572 eaput
2542 3496 2867 3555 abscissum

620 3592 775 3654 duae
820 3594 1141 3680 maenades
1187 3594 1614 3656 circumferunt
1676 3597 1896 3673 gladiis
1941 3602 2224 3659 armatae.
2310 3599 2381 3658 In
2433 3600 2627 3658 altero
2682 3599 2867 3658 latere

619 3697 818 3772 pictor
865 3697 1103 3758 easdem
1151 3696 1374 3774 figuras
1419 3701 1661 3776 repetiit
1722 3702 1940 3778 satyris
1987 3700 2223 3762 duobus
2267 3701 2535 3761 adiectis.
2622 3701 2871 3761 Dubitat

621 3799 964 3877 Hartwigus
1009 3800 1085 3859 ad
1132 3818 1445 3878 quemnam
1492 3806 1728 3879 poetam
1777 3804 1885 3862 has
1915 3804 2182 3880 picturas
2226 3808 2486 3880 revocet,
2530 3822 2663 3863 cum
2696 3804 2870 3863 Euri-

621 3901 836 3978 pideae
898 3902 1248 3980 tragoediae
1304 3905 1491 3980 satyri
1551 3911 1922 3982 repugnent,
1984 3906 2238 3966 Penthei
2302 3911 2485 3982 caput
2541 3905 2865 3966 abscissum

622 4022 752 4064 cum
798 4003 900 4063 illa
946 4004 1143 4064 faciat.
1229 4007 1358 4066 Jam
1406 4025 1550 4066 vero
1617 4025 1724 4067 cur
1782 4009 2011 4067 vasculi
2072 4009 2289 4085 pictori
2346 4027 2456 4085 pro
2520 4007 2866 4068 mortalibus

626 4106 845 4165 Bacchi
893 4106 1248 4185 cultoribus,
1304 4108 1378 4168 de
1422 4109 1639 4185 quibus
1684 4110 1846 4187 apud
1894 4109 2244 4188 Euripidem
2290 4112 2571 4187 legimus,
2632 4114 2867 4187 satyros

799 4307 842 4376 ¹)
876 4308 1161 4375 Expressa
1181 4313 1270 4362 est
1291 4309 1440 4377 apud
1465 4309 1741 4378 Campana
1758 4310 1837 4364 IV
1857 4316 1973 4366 638.
2027 4311 2273 4378 Hartwig
2296 4310 2330 4363 l.
2348 4328 2394 4365 c.
2420 4327 2474 4380 p.
2502 4314 2614 4366 162.
2682 4312 2723 4380 ²)
2759 4311 2870 4364 Ex·

633 4407 830 4461 pressa
878 4393 1027 4460 apud
1064 4393 1341 4461 Campana
1373 4394 1454 4451 IV
1493 4401 1607 4450 761.
1676 4395 1926 4465 Hartwig
1960 4396 1994 4450 l.
2018 4413 2068 4451 c.
2100 4412 2155 4466 p.
2183 4400 2296 4451 156.
2416 4454 2419 4457 ,
