3309 5292
2597 407 2713 465 157

606 582 764 648 οὐδὲ
808 578 934 666 γὰρ
981 573 1140 647 οὐδὲ
1190 576 1534 664 Δρύαντος
1579 575 1745 656 υἱὸς,
1793 577 2115 661 κρατερὸς
2160 567 2571 655 Λυκόοργος,

606 681 729 770 δῆν
773 671 876 770 ἦν,
922 676 995 760 ὅς
1040 681 1123 767 ῥα
1168 689 1433 748 θεοῖσιν
1477 680 1983 766 ἐπουρανίοισιν
2029 675 2233 761 ἔρζεν.

609 781 684 864 ὃς
725 809 894 852 ποτε
937 784 1370 870 μαινομένοιο
1419 775 1793 848 Διωνύσοιο
1840 777 2125 866 τιθήνας

609 891 753 954 σεῦε
798 880 944 952 κατ’
988 876 1290 974 ἠγάθεον
1333 880 1640 970 Νυσήϊον
1686 904 1699 917 ·
1745 882 1817 948 αἳ
1861 883 1919 947 δ’
1948 873 2079 965 ἅμα
2109 883 2315 945 πᾶσαι

605 986 884 1054 θύσθλα
923 988 1124 1071 χαμαὶ
1166 989 1549 1070 κατέχευαν,
1594 975 1711 1051 ὑπ’
1743 978 2199 1069 ἀνδροφόνοιο
2230 974 2635 1065 Λυκούργου

610 1086 996 1173 θεινόμεναι
1042 1091 1397 1173 βουπλῆγι.
1417 1093 1462 1168 ¹)
1552 1079 1897 1164 Διώνυσος
1942 1085 2012 1150 δὲ
2057 1083 2387 1168 φοβηθεὶς

605 1183 836 1258 δύσεθ’
881 1181 1043 1268 ἁλὸς
1087 1186 1258 1257 κατὰ
1301 1192 1498 1275 κῦμα,
1559 1190 1751 1266 Θέτις
1796 1182 1855 1254 δ”
1886 1187 2259 1268 ὑπεδέξατο
2306 1182 2549 1268 κόλπῳ

607 1289 918 1372 δειδιότα,
964 1290 1285 1378 κρατερὸς
1329 1289 1452 1378 γὰρ
1500 1289 1601 1376 ἔχε
1648 1286 1893 1376 τρόμος
1941 1282 2186 1373 ἀνδρὸς
2233 1289 2495 1372 δμικλῇ.

605 1400 703 1481 τῷ
746 1395 869 1481 μὲν
913 1390 1117 1462 ἔπειτ’
1163 1389 1498 1462 ὀδύσαντο
1546 1394 1701 1460 θεοὶ
1746 1391 1890 1479 ῥεῖα
1935 1387 2242 1476 ζώοντες,

605 1500 714 1563 ναί
756 1522 873 1582 μιν
916 1492 1181 1580 τυφλὸν
1227 1495 1428 1584 ἔθηκε
1470 1493 1743 1582 Κρόνου
1785 1507 1943 1590 παῖς
1977 1515 1990 1528 ·
2025 1485 2169 1560 οὐδ)
2212 1484 2313 1577 ἄρ’
2353 1489 2451 1558 ἔτι
2492 1484 2619 1576 δ’ἠν

603 1588 706 1689 ἧν,
752 1601 893 1666 ἐπεὶ
941 1593 1387 1666 ἀθανάτοισιν
1430 1591 1776 1686 ἀπήχθετο
1821 1601 1984 1663 πᾶσι
2028 1603 2310 1662 θεοῖσιν.

649 1712 740 1770 De
802 1710 1031 1770 infante
1091 1709 1206 1770 deo
1267 1711 1324 1769 in
1370 1709 1484 1769 hac
1528 1708 1732 1768 fabula
1786 1706 2165 1784 cogitandum
2214 1723 2345 1766 esse
2391 1705 2720 1764 rectissime

479 1831 624 1873 sane
670 1814 720 1872 is
763 1811 1204 1882 animadvertit,
1265 1830 1442 1890 quem
1491 1810 1843 1871 Eustathius
1907 1813 2148 1870 secutus
2192 1807 2268 1868 ad
2316 1827 2371 1866 v.
2406 1811 2525 1869 136
2573 1808 2722 1866 haec

475 1915 816 1975 adnotavit:
874 1909 1134 1993 λέγεται
1196 1907 1266 1974 δὲ
1323 1903 1529 1984 αὐτὸς
1573 1908 2021 1991 (Λυκοῦργος)
2083 1899 2354 1969 διώκειν
2406 1899 2530 1969 τὸν
2574 1898 2721 1968 Διό-

477 2027 686 2077 νυσον
729 2011 842 2075 καὶ
902 2007 1020 2088 τὰς
1080 2003 1525 2095 όργιαζούσας
1585 2001 1774 2095 αύτῷ
1829 2003 2131 2094 τιθήνας,
2189 1997 2582 2073 πἀύσασθαι
2652 2003 2721 2069 δὲ

475 2116 682 2179 τοῦτο
713 2116 955 2192 ποιῶν,
1002 2104 1114 2178 ὅτε
1153 2113 1547 2198 φοβηθέντα
1589 2104 1715 2176 τὸν
1758 2102 2088 2178 Διόνυσον
2134 2159 2146 2172 .
2192 2158 2207 2174 .
2251 2159 2265 2175 .
2324 2109 2513 2185 θέτις
2558 2097 2720 2173 ύπε-

478 2218 713 2298 δέξατο
740 2214 1001 2300 κόλπῳ,
1026 2208 1135 2280 οἶα
1159 2211 1411 2301 δηλαδὴ
1437 2203 1708 2280 ἁπαλόν
1732 2236 1885 2279 τινα
1906 2211 2115 2277 παῖδα
2141 2232 2155 2245 ·
2181 2206 2343 2288 τούς
2364 2207 2721 2288 τοιούτους

477 2315 601 2404 γάρ
647 2317 786 2384 ἐστι
829 2313 1068 2402 κόλπῳ
1115 2317 1439 2400 δέχεσθαι.
1529 2325 1654 2383 Etsi
1702 2340 1958 2382 scaenae
2005 2320 2303 2392 memoria,
2356 2326 2419 2380 ut
2466 2321 2719 2398 videtur,

477 2428 796 2505 plerosque
844 2434 903 2487 et
956 2431 1190 2487 veteres
1234 2430 1296 2485 et
1341 2444 1530 2486 novos
1576 2426 1840 2503 pellexit,
1899 2429 1965 2484 ut
2010 2425 2084 2483 de
2129 2423 2359 2500 pubere
2406 2422 2519 2483 deo
2564 2423 2717 2484 male

476 2529 830 2606 cogitarent.
933 2527 1163 2588 Justam
1226 2544 1358 2588 esse
1385 2526 1714 2587 Eustathii
1774 2526 2287 2586 ratiocinationem
2352 2526 2495 2586 satis
2556 2529 2721 2584 certa

479 2628 697 2688 indicia
729 2629 963 2689 docent.
1028 2629 1376 2706 Attigerunt
1405 2629 1560 2688 enim
1594 2629 1783 2704 magis
1812 2646 1989 2705 quam
2022 2633 2423 2688 narraverunt
2452 2626 2720 2704 Lycurgi

479 2731 733 2792 fabulam
779 2731 1131 2793 scholiastes
1175 2731 1250 2791 ad
1296 2729 1529 2804 2486,
1589 2732 1889 2807 interpres
1941 2729 2019 2790 ad
2065 2729 2405 2791 Germanici
2449 2729 2719 2789 Phaeno-

652 2932 693 2998 ¹)
729 2909 988 3000 βόυπλήξ
1034 2929 1314 2999 quodnam
1362 2931 1783 2986 instrumentum
1838 2931 1913 2985 sit
1958 2929 2264 2999 ambigitur.
2348 2929 2508 2995 Quod
2556 2944 2718 2986 voca-

477 3015 662 3070 bulum
712 3032 835 3069 cum
879 3020 1010 3084 post
1044 3016 1268 3072 Homeri
1315 3016 1627 3072 memoriam
1664 3032 1697 3071 a
1732 3031 1985 3072 sermone
2020 3015 2231 3072 Graeco
2279 3014 2514 3070 alienum
2552 3020 2718 3083 esset,

474 3101 710 3156 diversis
739 3102 919 3156 modis
943 3102 1280 3171 grammatici
1304 3102 1734 3171 explicaverunt.
1798 3101 2153 3173 Etymologia
2176 3101 2319 3157 enim
2343 3118 2467 3157 cum
2493 3101 2720 3158 doceret

475 3189 774 3257 βουπλῆγα
810 3187 1229 3242 instrumentum
1267 3203 1411 3256 esse,
1461 3204 1571 3258 quo
1608 3188 1785 3243 boves
1819 3186 2096 3252 feriantur,
2145 3187 2395 3242 nimirum
2426 3187 2720 3256 flagellum,

475 3272 862 3342 glossographi
908 3289 1037 3327 num
1085 3269 1441 3344 βούκεντρον
1486 3289 1556 3328 an
1601 3269 1859 3343 μάστιγα
1903 3289 1969 3328 an
2031 3270 2273 3328 πέλεκυν
2331 3273 2719 3343 intellegerent

475 3359 792 3428 haeserunt,
846 3358 999 3414 velut
1050 3359 1370 3414 Eustathius
1415 3360 1450 3415 1.
1495 3374 1539 3415 a.
1595 3356 1858 3431 βουπλὴξ
1900 3357 1961 3416 δὲ
1992 3347 2367 3431 ’βούκεντρον
2403 3354 2437 3430 ἢ
2471 3354 2716 3424 πέλεκυς

472 3439 612 3513 βοὸς
637 3436 996 3514 ἀναιρετικὸς
1020 3437 1054 3514 ἢ
1076 3439 1290 3512 μάστιξ
1326 3439 1597 3514 γινομένη
1636 3439 1751 3500 ἀπὸ
1778 3440 2077 3514 τμήματος
2104 3441 2334 3516 βύρσης.
2396 3447 2556 3512 Quod
2585 3461 2715 3502 vero

472 3523 731 3600 βουπλὴξ
789 3529 1101 3600 ubicunque
1146 3545 1179 3585 a
1212 3531 1612 3586 recentioribus
1657 3531 1971 3586 auctoribus
2024 3531 2095 3586 ad
2130 3532 2357 3587 Homeri
2404 3531 2715 3600 exemplum

473 3620 782 3684 usurpatur,
807 3615 1105 3684 bipennem
1126 3615 1397 3686 significat
1412 3645 1481 3657 —
1498 3622 1724 3685 praeter
1742 3633 1908 3671 unum
1928 3617 2109 3673 locum
2129 3617 2400 3686 (Luciani)
2418 3616 2713 3686 Philopatr.

475 3707 504 3754 4
540 3732 606 3741 —
641 3701 778 3756 haec
807 3701 1101 3770 explicatio
1136 3702 1361 3772 vulgata
1396 3701 1567 3759 fuisse
1604 3703 1837 3758 videtur.
1909 3704 2061 3769 Quae
2098 3719 2221 3759 cum
2257 3719 2290 3760 a
2325 3718 2456 3758 vera
2491 3704 2718 3758 Homeri

474 3786 748 3842 sententia
780 3786 946 3855 longe
983 3786 1286 3857 abhorreat,
1322 3793 1490 3858 atque
1526 3789 1620 3844 vix
1655 3788 1905 3858 intellegi
1940 3789 2136 3858 possit,
2173 3806 2283 3859 quo
2320 3789 2487 3844 modo
2512 3787 2714 3843 factum

473 3872 559 3940 sit,
603 3877 665 3926 ut
700 3873 792 3928 vel
825 3877 956 3942 post
990 3872 1292 3929 Aristarchi
1329 3875 1604 3943 egregiam
1653 3890 1832 3928 curam
1870 3875 2095 3930 Homeri
2130 3875 2286 3930 locus
2321 3889 2583 3944 perversa
2616 3874 2717 3929 hac

471 3958 626 4012 vocis
661 3953 922 4027 βουπλῆξ
956 3959 1406 4027 interpretatione
1441 3958 1581 4015 falso
1617 3960 2045 4030 intellegeretur,
2081 3960 2225 4016 haud
2249 3961 2563 4029 spernenda
2585 3960 2714 4015 mihi

470 4043 693 4098 videtur
740 4043 1072 4113 coniectura,
1119 4044 1459 4116 Aeschylum
1508 4045 1839 4101 vocabulum
1874 4050 1925 4117 β.
1962 4046 2033 4101 de
2078 4046 2306 4115 bipenni
2342 4045 2715 4114 usurpavisse,

471 4145 583 4197 quo
619 4129 908 4197 Lycurgus
952 4127 1208 4185 familiam
1253 4131 1529 4186 interfecit
1571 4162 1639 4170 —
1689 4132 1808 4186 sive
1844 4132 2071 4187 Homeri
2115 4133 2296 4187 locum
2345 4146 2517 4200 prave
2551 4132 2716 4188 inter-

470 4219 762 4283 pretatum,
798 4213 920 4269 sive
954 4231 1158 4269 novum
1189 4231 1414 4272 sensum
1451 4216 1724 4272 vocabulo
1761 4217 1944 4286 prisco
1980 4218 2427 4286 substituentem,
2464 4217 2714 4288 Aeschy-

470 4297 580 4352 lum
627 4301 811 4352 antem
855 4300 1192 4356 recentiores
1239 4307 1436 4370 poetas
1485 4301 1540 4355 in
1575 4300 1716 4357 falsa
1750 4302 1842 4358 illa
1877 4303 2101 4359 Homeri
2137 4302 2590 4371 interpretatione
2626 4319 2712 4359 se-

470 4387 631 4443 cutos
662 4397 802 4442 esse.

2316 4491 2408 4550 11*
