3309 5292
2570 410 2691 469 1⁸49

432 581 659 643 Edonis
705 588 764 644 et
811 583 886 644 de
930 583 1340 644 Bassaridibus
1385 583 1839 661 disputavimus,
1886 583 2031 642 satis
2075 581 2307 642 eluceat
2352 581 2411 640 in
2457 582 2673 639 neutra

430 684 634 746 fabula
690 685 979 747 insaniam
1029 687 1291 765 Lycurgi
1353 687 1549 746 locum
1614 684 1921 761 habuisse,
1980 685 2217 744 tertiam
2298 681 2555 743 fabulam
2612 681 2689 741 ad

431 789 558 848 eius
604 806 855 864 poenam
903 789 1260 866 pertinuisse
1303 787 1401 848 vel
1444 791 1661 863 sponte
1691 789 1874 864 patet.
1963 786 2088 845 Iam
2120 785 2303 862 igitur
2332 803 2369 843 a
2400 784 2676 860 longiore

430 890 542 950 hac
602 891 1032 969 disputatione,
1092 908 1248 968 quae
1292 889 1416 950 fere
1459 893 1587 951 tota
1630 890 1692 950 in
1739 889 2089 965 fragmentis
2136 886 2501 966 explicandis
2544 904 2674 947 vcr-

430 995 561 1053 sata
606 996 717 1068 est,
760 991 997 1052 tandem
1047 992 1372 1070 aliquando
1405 991 1480 1052 ad
1514 993 1660 1052 artis
1691 994 2074 1052 monumenta
2106 1007 2214 1050 nos
2247 991 2690 1062 convertamus,

432 1095 656 1172 quippe
732 1113 885 1172 quae
960 1094 1314 1157 uberrimam
1391 1096 1620 1172 copiam
1696 1095 1876 1155 huius
1948 1093 2287 1169 argumenti
2354 1089 2687 1168 indagandi

434 1197 780 1273 praebeant.
880 1199 1093 1275 Neque
1138 1203 1336 1260 tamen
1384 1215 1588 1258 omnes
1635 1197 1949 1274 imagines,
2012 1214 2168 1272 quae
2211 1194 2289 1254 ad
2332 1195 2684 1272 Lycurgum

435 1302 724 1378 spectant,
771 1299 940 1361 nobis
986 1299 1333 1362 tractandae
1381 1304 1572 1361 erunt.
1658 1300 1811 1359 Nam
1858 1317 1990 1358 cum
2038 1298 2195 1358 aliae
2235 1297 2536 1358 Bacchum
2583 1315 2683 1356 ex·

429 1401 675 1462 hibeant
734 1421 770 1462 a
828 1404 1114 1480 Lycurgo
1173 1403 1442 1480 fugatum
1506 1402 1808 1480 marisque
1868 1402 1929 1460 in
1986 1400 2157 1461 litore
2211 1418 2247 1459 a
2291 1399 2551 1461 Thetide
2596 1417 2683 1458 re-

429 1509 701 1584 ceptum,
765 1506 919 1567 aliae
986 1524 1218 1583 regem,
1284 1507 1386 1582 qui
1453 1506 1591 1566 dum
1659 1504 2035 1564 Ambrosiam
2098 1503 2395 1564 Baccham
2464 1521 2681 1563 necare

431 1614 683 1668 conatur
726 1608 950 1669 vitibus
993 1609 1356 1686 implicatur,
1399 1608 1556 1668 aliae
1602 1607 1861 1684 denique
1892 1605 2144 1667 eundem
2176 1605 2411 1666 insania
2442 1608 2679 1682 captum

431 1727 676 1772 uxorem
721 1710 1028 1788 filiumque
1075 1709 1437 1771 occidentem
1484 1711 1844 1790 exprimant,
1900 1708 2055 1770 duae
2101 1709 2331 1785 priores
2377 1709 2599 1768 classes
2643 1726 2679 1767 a

429 1816 636 1873 nostro
668 1813 867 1873 studio
898 1813 1299 1874 removendae
1331 1818 1489 1892 sunt,
1527 1813 1752 1892 quippe
1783 1830 2035 1893 quarum
2067 1812 2259 1874 altera
2289 1812 2364 1872 ab
2394 1813 2657 1872 Homero

427 1916 617 1976 altera
660 1935 696 1976 a
739 1917 1075 1977 recentiore
1120 1916 1380 1994 quodam
1426 1920 1605 1994 poeta
1646 1915 1933 1995 pendeat;
1976 1915 2037 1975 in
2082 1916 2258 1975 tertia
2301 1915 2433 1975 sola
2475 1915 2665 1974 classe

431 2037 686 2079 scaenae
732 2018 986 2094 vestigia
1029 2022 1240 2097 patent
1285 2024 1468 2096 atque
1514 2019 1626 2080 hoc
1673 2037 1856 2079 unum
1904 2019 2150 2079 dubium
2197 2022 2315 2094 est,
2358 2021 2553 2078 utrum
2600 2017 2676 2076 ad

429 2121 791 2198 Aeschylum
839 2140 915 2181 an
963 2121 1039 2181 ad
1086 2123 1478 2183 recentiorem
1526 2121 1828 2199 quendam
1876 2126 2109 2199 poetam
2158 2139 2285 2180 eam
2331 2119 2679 2180 referamus.

603 2227 834 2303 Agmen
924 2225 1105 2286 ducat
1188 2226 1479 2303 amphora
1542 2226 1880 2286 Rubustina
1953 2221 2057 2298 (A)
2132 2225 2187 2284 in
2264 2223 2677 2283 Annalibus

429 2329 755 2390 instituti
791 2330 956 2390 1874
996 2332 1113 2388 tav.
1137 2330 1190 2389 R
1222 2346 1520 2406 expressa.
1608 2327 1963 2388 Aedificium
1995 2327 2280 2404 videmus,
2327 2327 2494 2386 cuius
2524 2327 2677 2386 inter

432 2430 736 2491 columnas
797 2431 1116 2508 Lycurgus
1184 2429 1367 2491 filium
1427 2430 1889 2508 praecipitatum
1946 2429 2190 2508 bipenni
2250 2428 2675 2489 interfecturus

430 2537 538 2592 est.
639 2533 691 2592 A
753 2531 968 2592 dextra
1025 2537 1198 2609 parte
1258 2532 1466 2592 mulier
1527 2531 1818 2609 quaedam
1864 2533 2095 2592 terrore
2139 2548 2425 2608 percussa
2467 2529 2677 2608 fugere

430 2637 699 2707 conatur,
743 2639 905 2695 retro
951 2641 1151 2695 tamen
1194 2653 1370 2696 verso
1417 2652 1549 2712 ore,
1594 2640 1661 2695 ut
1706 2635 1976 2711 quamvis
2020 2633 2258 2711 fugiens
2304 2632 2511 2709 fugere
2556 2652 2673 2694 non

430 2755 608 2815 posse
653 2737 942 2799 videatur.
1033 2739 1254 2798 Patera
1299 2738 1352 2797 ei
1400 2756 1475 2797 ex
1523 2736 1735 2798 dextra
1780 2755 1959 2797 manu
2006 2735 2329 2814 delabitur,
2374 2755 2551 2814 quam
2600 2736 2673 2795 ad

430 2841 608 2901 ritum
667 2858 903 2901 sacrum
960 2841 1263 2918 pertinere
1320 2840 1533 2900 ramuli
1576 2840 1766 2901 laurei
1813 2839 2149 2916 myrteique
2196 2838 2434 2900 docent.
2520 2840 2676 2899 Huic

431 2944 664 3004 mulieri
725 2944 798 3003 ab
845 2943 1036 3004 altera
1079 2943 1336 3004 aedificii
1380 2947 1555 3021 parte
1599 2943 1693 3002 vir
1738 2943 1977 3022 quidam
2023 2943 2349 3021 respondet
2391 2943 2677 3003 barbatus

431 3051 760 3123 ornateque
819 3047 1099 3125 vestitus,
1159 3064 1336 3123 quem
1393 3049 1738 3106 venatorem
1785 3063 1917 3106 esse
1963 3045 2128 3105 canis
2172 3045 2420 3114 indicat3
2467 3045 2676 3105 dextra

431 3167 610 3208 manu
658 3148 861 3209 hastas
907 3151 1090 3224 tenet,
1133 3149 1327 3209 altera
1371 3148 1604 3208 vultum
1650 3148 1800 3224 tegit
1838 3165 2066 3208 summo
2100 3147 2305 3207 dolore
2338 3146 2675 3207 demissum.

431 3252 708 3328 Denique
753 3252 813 3310 in
861 3256 1018 3312 tecto
1063 3269 1130 3312 os
1160 3252 1559 3329 humerosque
1590 3251 1853 3311 mulieris
1885 3251 2179 3328 videmus,
2220 3267 2375 3326 quae
2407 3250 2673 3310 dextram

432 3372 669 3415 manum
715 3353 992 3416 deorsum
1037 3354 1312 3417 intendit.
1399 3354 1653 3414 Pallium
1700 3356 1885 3414 ventu
1930 3354 2228 3414 intensum
2275 3371 2461 3432 supra
2496 3358 2679 3431 caput

431 3457 560 3518 eius
625 3457 914 3518 sinuatur.
1021 3459 1093 3518 In
1161 3458 1350 3518 altero
1419 3458 1579 3518 vasis
1644 3458 1837 3519 lat-ere
1904 3457 2177 3518 Bacchus
2244 3473 2377 3517 cum
2445 3457 2675 3518 duobus

429 3559 649 3635 satyris
693 3559 1074 3637 conspicitur.

600 3659 884 3738 Sequitur
943 3664 1095 3722 testa
1153 3662 1477 3740 amphorae
1522 3662 1803 3740 Appulae
1850 3660 1977 3739 (Β),
2038 3680 2220 3740 quam
2264 3662 2485 3740 publici
2531 3663 2677 3723 iuris

430 3762 571 3824 fecit
613 3765 873 3824 Treuius
913 3763 1096 3824 Arch.
1127 3766 1274 3825 Anz.
1321 3766 1421 3844 VI,
1469 3768 1650 3843 1891,
1696 3783 1752 3842 p.
1783 3769 1879 3826 24.
1968 3766 2134 3824 Haec
2165 3783 2409 3842 quoque
2440 3766 2678 3843 pictura

431 3865 761 3925 aedificium
821 3865 1089 3944 exhibet,
1153 3868 1324 3927 cuius
1382 3886 1458 3928 ex
1517 3867 1747 3928 foribus
1807 3887 1914 3928 rex
1973 3869 2220 3929 insanus
2276 3886 2343 3930 se
2402 3870 2675 3947 proripit.

430 3970 489 4028 Is
555 3967 618 4027 in
685 3967 896 4028 dextra
961 3987 1137 4030 manu
1205 3969 1522 4046 bipennem
1590 3971 1812 4044 vibrat,
1876 3971 1938 4033 in
1998 3973 2243 4032 sinistra
2302 3989 2434 4032 eum
2492 3971 2675 4032 vitem

428 4069 688 4146 gessisse
753 4069 1013 4131 Treuius
1079 4074 1299 4132 censet.
1404 4073 1494 4132 Re
1555 4072 1759 4133 divina
1818 4091 2020 4152 regem
2077 4077 2431 4150 occupatum
2485 4073 2673 4134 fuisse

431 4170 666 4232 fasceae
713 4170 996 4244 indicant,
1043 4192 1199 4251 quae
1239 4193 1274 4234 a
1304 4193 1458 4234 zona
1490 4174 1853 4255 dependent.
1942 4177 2097 4236 Hinc
2127 4179 2187 4236 et
2215 4175 2377 4238 illinc
2407 4177 2677 4253 singulas

431 4274 713 4336 mulieres
755 4274 1057 4351 fugientes
1101 4277 1394 4354 videmus,
1437 4279 1644 4356 plures
1690 4281 1831 4340 v'ero
1878 4279 2105 4362 figuras
2148 4281 2289 4341 olim
2333 4281 2394 4341 in
2437 4281 2673 4362 integro

432 4377 562 4445 vasi
608 4377 909 4446 exstitisse
955 4383 1184 4447 certum
1231 4386 1340 4448 est.
