3309 5292
629 409 752 472 150

797 581 1018 642 Contra
1049 583 1108 640 in
1156 581 1442 660 amphora
1475 583 1811 643 Rubustina
1843 581 1888 643 O
1929 614 2009 624 —
2052 582 2191 642 MdJ
2224 584 2275 642 V
2307 585 2387 643 23
2434 578 2576 655 (vid.
2608 582 2726 642 tab.
2749 584 2865 653 111)

629 683 786 743 sicut
850 683 910 742 in
970 684 1214 760 reliquis
1275 684 1547 745 omnibus
1607 685 2027 757 monumentis,
2094 703 2248 761 quae
2307 702 2471 744 nnnc
2528 685 2868 761 recensebo,

627 784 963 846 aedificium
1033 785 1218 848 deest.
1335 788 1657 864 Lycurgus
1719 788 1965 866 bipenni
2025 789 2291 847 armatus
2356 805 2561 846 necem
2629 786 2869 865 coniugi

626 889 944 967 prolapsae
1007 891 1286 951 minatur.
1385 892 1567 952 Furia
1625 891 1787 950 alata
1840 891 2105 968 devolat,
2164 908 2318 967 quae
2373 909 2591 966 magno
2636 889 2870 966 fulgore

629 993 1021 1053 circumfluxa
1064 993 1362 1070 flagellum
1411 994 1469 1054 in
1516 1013 1716 1071 regem
1763 993 2038 1054 intendit.
2121 993 2176 1053 A
2221 993 2437 1054 dextra
2480 997 2654 1070 parte
2683 993 2869 1053 filium

629 1098 906 1156 necatum
953 1095 1311 1156 adulescens
1357 1095 1595 1173 quidam
1641 1099 1702 1156 et
1746 1096 1915 1172 virgo
1961 1095 2305 1173 deportant,
2358 1115 2393 1154 a
2437 1095 2675 1155 sinistra
2717 1097 2872 1155 alius

631 1199 862 1259 iuvenis
908 1215 1037 1258 cum
1084 1197 1439 1277 paedagogo
1482 1198 1781 1260 accedens
1828 1219 2044 1276 magno
2088 1198 2304 1259 ardore
2350 1215 2551 1276 regem
2584 1199 2873 1277 obsecrat,

630 1305 697 1359 ut
758 1300 968 1359 insano
1031 1299 1299 1361 facinore
1369 1300 1631 1360 desistat.
1742 1301 1867 1361 Ara
1930 1285 2056 1378 igni
2126 1300 2397 1377 imposito
2464 1298 2699 1360 adiecta
2766 1304 2875 1377 est,

632 1401 849 1479 hydria
909 1402 1073 1462 iuxta
1118 1421 1250 1462 eam
1297 1403 1456 1462 humi
1505 1404 1676 1463 iacet.
1764 1405 1832 1463 ln
1878 1403 2188 1480 superiore
2235 1402 2394 1462 basis
2438 1407 2609 1478 parte
2654 1403 2871 1480 Apollo

633 1523 764 1564 cum
826 1505 960 1580 lyra
1019 1523 1203 1583 supra
1247 1525 1409 1564 aram
1457 1505 1751 1578 considet,
1810 1505 2013 1566 laurea
2056 1506 2267 1582 longos
2312 1504 2565 1582 capillos
2609 1509 2874 1580 ornatus,

632 1607 1026 1684 dextramque
1094 1607 1304 1668 dolore
1372 1611 1699 1669 commotus
1766 1607 1844 1668 ad
1912 1608 2141 1668 caelum
2204 1607 2391 1668 effert.
2501 1610 2673 1668 quta
2738 1625 2869 1685 eum

634 1709 968 1770 Mercurius
1027 1708 1224 1770 adstat
1285 1711 1517 1787 absque
1578 1711 1770 1770 altera
1824 1715 1996 1787 parte
2040 1712 2200 1770 Mars
2253 1709 2526 1770 considet
2570 1710 2741 1770 hasta
2782 1709 2873 1770 in·

633 1811 828 1888 nixus,
873 1829 1005 1872 cum
1051 1813 1336 1891 Nympha
1381 1813 1659 1892 quadam,
1703 1817 1770 1873 ut
1812 1813 2067 1884 videtur,
2112 1813 2368 1873 locutus.

804 1950 1038 2010 Deinde
1101 1950 1160 2011 in
1228 1950 1515 2028 amphora
1572 1950 1973 2027 Neapolitana
2032 1952 2198 2011 2874
2258 1946 2364 2022 (1))
2430 1979 2505 1989 -
2564 1949 2872 2026 Millingen

635 2052 952 2114 Peintures
1018 2053 1094 2114 de
1159 2071 1333 2114 vases
1401 2059 1456 2114 1.
1502 2058 1566 2121 2;
1635 2055 1833 2130 Zoega
1890 2052 2375 2128 Abhandlungen
2440 2052 2532 2112 ed.
2592 2053 2876 2113 Welcker

635 2154 876 2214 tab.11
938 2186 1024 2196 —-
1082 2156 1218 2214 item
1282 2173 1353 2215 ac
1410 2156 1470 2214 in
1532 2155 1576 2216 G
1635 2156 1959 2232 Lycurgus
2012 2173 2257 2214 uxorem
2314 2154 2651 2232 prolapsam
2698 2155 2876 2214 inter-

635 2257 904 2317 fecturus
965 2260 1080 2336 est,
1138 2257 1299 2316 filius
1357 2259 1471 2317 iam
1531 2262 1781 2317 necatus
1841 2276 1875 2316 a
1935 2255 2168 2334 virgine
2230 2255 2486 2332 quadam
2533 2258 2879 2334 sustinetur,

637 2359 794 2419 furia
855 2378 1053 2437 regem
1112 2360 1338 2420 incitat.
1425 2361 1661 2420 Laurus
1707 2359 2005 2438 Apollinis
2049 2376 2413 2436 maenasque
2459 2360 2519 2418 in
2566 2359 2876 2436 superiore

636 2465 806 2538 parte
852 2463 1007 2539 picta
1055 2463 1310 2539 Dionysi
1357 2482 1574 2522 numen
1620 2463 1863 2522 indicat.
1949 2463 2068 2521 Pro
2109 2461 2393 2539 Nympha
2436 2463 2496 2521 in
2528 2463 2577 2521 B
2610 2463 2876 2522 Faunum

636 2566 794 2625 inter
838 2582 1020 2642 rupes
1067 2564 1470 2625 considentem
1518 2565 1807 2624 videmus.

809 2703 876 2762 In
923 2703 1213 2781 amphora
1255 2703 1602 2763 Monacensi
1649 2705 1773 2764 853
1822 2696 1923 2780 (E)
1968 2733 2053 2743 —-
2096 2703 2282 2762 Millin
2326 2704 2534 2762 Descr.
2566 2702 2673 2762 des
2703 2703 2881 2762 tomb.

642 2805 717 2865 de
778 2805 1010 2866 Canose
1068 2825 1125 2882 p.
1154 2809 1234 2866 42
1283 2823 1378 2869 no.
1408 2810 1478 2872 43
1537 2807 1735 2882 Zoega
1778 2807 1816 2866 l.
1847 2824 1897 2865 c.
1941 2805 2056 2864 tab.
2088 2806 2115 2865 Ι
2149 2810 2185 2867 3
2245 2833 2327 2845 -
2388 2806 2702 2882 Lycurgus
2760 2823 2877 2865 non

640 2894 883 2985 bipenni
950 2907 1058 2968 sed
1116 2907 1318 2984 gladio
1377 2911 1642 2970 armatus
1703 2927 1950 2969 uxorem
2009 2908 2262 2969 sustinet
2319 2909 2436 2968 iam
2496 2907 2886 2968 interfectam.

639 3011 825 3070 Furia
883 3010 1059 3072 etiam
1121 3030 1279 3071 nune
1331 3029 1592 3088 anguem
1645 3012 1707 3070 in
1755 3030 1888 3071 eum
1934 3011 2158 3088 vibrat,
2216 3011 2521 3086 Dionysus
2566 3029 2602 3070 a
2645 3011 2887 3070 sinistra

643 3114 934 3191 procedit.
1033 3115 1369 3174 Mercurius
1423 3119 1488 3174 ut
1534 3115 1593 3173 in
1641 3114 1687 3175 C
1734 3115 1790 3174 in
1838 3132 1989 3191 rupe
2036 3113 2253 3174 sedens
2296 3131 2497 3173 casum
2544 3113 2705 3188 regis
2749 3131 2886 3189 pro-

643 3221 903 3294 spectat3
947 3216 1100 3276 filius
1145 3217 1400 3276 omissus
1445 3220 1552 3277 est.

817 3339 1026 3413 Longe
1089 3337 1264 3396 aliam
1325 3339 1584 3414 speciem
1646 3355 1791 3413 prae
1851 3355 1914 3396 se
1974 3336 2093 3396 fert
2148 3335 2438 3413 amphora
2489 3335 2889 3412 Neapolitana

648 3444 811 3502 3219
861 3437 959 3512 (F)
1003 3469 1086 3479 —
1133 3439 1273 3498 MdJ
1301 3440 1388 3499 IV
1421 3444 1528 3513 163
1579 3438 1850 3499 Roscher
1891 3438 2077 3515 Myth.
2110 3439 2255 3498 Lex.
2301 3457 2355 3514 p.
2390 3440 2573 3499 2198.
2657 3437 2890 3514 Regina

647 3544 793 3603 deae
839 3543 1164 3615 cuiusdam,
1211 3542 1488 3618 Cotyttus
1533 3543 1778 3616 scilicet,
1824 3542 2200 3601 simulacrum
2248 3541 2557 3617 complexa
2599 3543 2889 3599 amentem

647 3646 960 3722 coniugem
1014 3645 1279 3722 effugere
1325 3649 1592 3706 conatur.
1682 3645 2028 3722 Lycurgum
2074 3643 2318 3721 bipenni
2364 3661 2492 3702 eam
2540 3660 2889 3719 aggressum

648 3750 881 3809 iuvenis
941 3748 1184 3826 quidam
1245 3749 1520 3825 abripere
1578 3748 1781 3808 studet
1838 3767 1873 3807 a
1916 3751 2089 3825 tergo
2134 3765 2336 3822 regem
2382 3746 2711 3822 amplexus.
2798 3745 2892 3805 Ab

649 3853 836 3912 altera
895 3853 1194 3912 simulacri
1247 3855 1418 3929 parte
1473 3850 1628 3911 furia
1673 3849 1926 3910 decedit.
2012 3851 2317 3927 Dionysus
2363 3867 2493 3908 cum
2540 3849 2663 3908 suis
2706 3846 2896 3923 adest,

647 3957 803 4016 tauri
847 3954 1039 4015 femur
1084 3955 1410 4015 abscissum
1458 3955 1618 4014 humi
1664 3954 1831 4014 iacet.

819 4073 1069 4133 Brevius
1144 4072 1408 4132 fabulam
1485 4073 1845 4148 constringit
1917 4071 2151 4148 pictura
2223 4070 2384 4128 vasis
2459 4069 2509 4128 G
2584 4098 2667 4106 --
2742 4068 2892 4126 Mne.

650 4177 829 4237 Borb.
879 4179 982 4252 13,
1015 4180 1118 4252 293
1180 4175 1450 4236 Roscher
1497 4176 1685 4252 Myth.
1717 4175 1861 4234 Lex.
1907 4193 1965 4251 p.
1997 4177 2178 4234 2195.
2277 4172 2597 4248 Lycurgus
2658 4170 2894 4229 nomine

653 4280 957 4356 adscripto
1015 4283 1252 4338 notatus
1297 4277 1477 4337 filium
1523 4279 1780 4355 genibus
1827 4277 2092 4336 innixum
2139 4275 2383 4352 bipenni
2431 4275 2619 4332 necat.
2706 4269 2895 4330 Simil-

651 4383 847 4442 limum
911 4385 1355 4442 mouumentum
1420 4378 1526 4454 (ΙΙ)
1587 4384 2011 4441 commemorat
2067 4379 2296 4442 Koerte
2340 4374 2596 4457 Spccnla
2642 4375 2897 4440 Etrusca
