3309 5292
686 399 806 456 122

677 551 822 624 ἀντ’
867 553 1082 625 αὐτοῦ
1143 560 1454 628 θέλοντα.
1543 571 1757 647 Neque
1826 571 2017 630 minus
2077 570 2379 630 oraculum
2443 570 2593 629 illud
2654 590 2689 628 a
2734 573 2949 629 matre·

675 660 988 746 acceptum
1035 671 1311 730 Titanem
1357 672 1434 731 ad
1477 672 1536 731 id
1583 677 1820 747 tempus
1864 673 2131 733 vinctum
2176 672 2529 751 patefecisse
2588 672 2922 733 luculentus

675 774 848 833 testis
893 777 1088 833 exstat
1131 773 1520 836 Philodemus
1562 774 1621 834 in
1671 775 1822 837 libro
1870 776 1944 835 de
1987 777 2209 853 pietate
2253 777 2477 853 scripto
2525 776 2604 854 (p.
2634 780 2713 838 41
2756 775 2921 852 apud

675 873 1148 952 Gomperzium):
1208 870 1323 934 καὶ
1382 866 1507 936 τὸν
1569 871 1938 957 Προμηθέα
2000 868 2286 938 λύεσθαί
2342 887 2549 958 φησιν
2592 867 2923 955 Αἰσχύλος

675 962 780 1036 ὅτι
823 968 903 1037 τὸ
949 967 1182 1056 λόγιον
1227 967 1551 1058 ἐμήνυσεν
1598 967 1675 1038 τὸ
1719 974 1889 1058 περὶ.
1926 974 2218 1054 Θέτιδος,
2266 963 2357 1050 ὥς
2397 966 2615 1059 χρεῶν
2660 973 2759 1060 εἴη
2797 970 2923 1039 τὸν

678 1071 747 1156 ἐξ
789 1065 1002 1162 αὐτῆς
1043 1075 1459 1160 γεννηθέντα
1503 1075 1789 1160 κρείττω
1833 1078 2243 1159 καταστῆναι
2274 1081 2399 1142 τοῦ
2430 1073 2705 1162 πατρός.
2774 1083 2921 1142 Her-

676 1184 867 1244 culem
914 1184 1187 1243 nimirum
1238 1183 1616 1244 liberatorem
1661 1203 1835 1245 suum
1884 1184 2012 1246 fore
2044 1187 2437 1246 Prometheus
2468 1187 2718 1261 sciebat3
2761 1185 2923 1262 quod

677 1291 872 1347 utrum
933 1286 1121 1350 invito
1167 1287 1317 1347 Jove
1363 1307 1439 1348 an
1487 1289 1902 1350 consentiente
1948 1295 2299 1350 eventurum
2348 1293 2507 1350 esset
2548 1290 2759 1350 Tellus
2802 1289 2923 1348 filio

679 1409 800 1450 non
845 1390 1236 1450 indicaverat.

850 1529 930 1588 Ut
973 1547 1106 1587 cum
1138 1530 1290 1589 Jove
1337 1547 1434 1590 res
1479 1533 1760 1606 ageretur
1790 1528 2061 1589 nuntium
2096 1528 2397 1607 quendam
2426 1531 2501 1590 ab
2532 1529 2630 1590 illo
2661 1529 2921 1606 legatum

674 1631 920 1709 prodire
951 1649 1198 1692 necesse
1223 1637 1376 1700 erat;
1397 1651 1548 1691 nam
1575 1633 1817 1694 Herculi
1852 1637 1971 1692 tum
2007 1633 2246 1710 quidem
2282 1633 2479 1692 aditus
2499 1632 2572 1693 ad
2601 1631 2922 1709 Olympum

675 1732 940 1793 noudum
1002 1733 1264 1810 patebat.
1352 1733 1624 1794 Eundem
1688 1733 1763 1794 de
1810 1732 2080 1794 Chironis
2144 1739 2335 1795 morte
2382 1735 2608 1794 vicaria
2666 1739 2925 1793 tractare

675 1835 1018 1914 oportebat,
1094 1837 1348 1896 eundem
1423 1836 1767 1897 vaticinium
1844 1838 1920 1896 de
1986 1838 2263 1897 Thetidis
2336 1838 2562 1914 nuptiis
2636 1836 2927 1913 accipere,

679 1938 933 1998 eundem
984 1957 1230 1999 narrare
1262 1940 1468 2000 Jovem
1502 1941 1780 2000 'Pitanem
1828 1941 2053 2000 catenis
2098 1940 2488 2000 liberaturum
2537 1957 2685 2000 esse.
2760 1939 2924 1999 Idem

677 2042 818 2119 quin
867 2043 1108 2102 anulum
1154 2043 1342 2120 digito
1374 2043 1713 2104 Promethei
1758 2045 2079 2104 inseruerit
2109 2045 2211 2104 vix
2242 2045 2356 2104 iam
2406 2043 2666 2104 dubitari
2712 2046 2926 2120 potest.

679 2145 1006 2219 Quemnam
1041 2164 1185 2206 vero
1217 2147 1568 2223 gravissimo
1600 2147 1705 2207 illo
1736 2147 2336 2224 praeclarissimoque
2368 2164 2613 2206 munere
2658 2145 2923 2206 functum

677 2266 809 2308 csse
854 2249 1224 2309 statuamus?
1303 2251 1390 2310 De
1434 2251 1752 2324 Mercurio,
1798 2268 1971 2326 quem
2020 2251 2078 2309 in
2126 2268 2419 2327 proxuma
2462 2248 2667 2308 fabula
2714 2268 2749 2307 a
2779 2249 2929 2307 Pro-

676 2352 910 2411 metheo
980 2369 1099 2412 non
1168 2353 1298 2412 sine
1365 2353 1767 2412 acerbissimis
1835 2352 2063 2412 facetiis
2128 2353 2425 2430 repulsum
2487 2351 2783 2425 videmus,
2850 2370 2927 2410 ne

678 2455 927 2530 cogitari
971 2455 1208 2530 quidem
1251 2455 1389 2515 licet
1434 2474 1624 2532 neque
1658 2453 1961 2516 Oceanum
1996 2455 2203 2515 iterum
2238 2454 2495 2514 officium
2542 2472 2712 2514 suum
2755 2472 2925 2530 prae·

681 2556 879 2616 buisse
911 2557 1236 2618 verisimile
1282 2576 1412 2618 esse
1459 2558 1715 2618 videtur.
1784 2557 2011 2618 Maiore
2057 2559 2187 2617 iure
2233 2557 2306 2618 de
2344 2555 2631 2634 Apolline
2676 2555 2926 2633 cogitari

678 2665 893 2738 potest.
979 2659 1348 2738 Quamquam
1395 2662 1445 2720 is
1491 2680 1727 2738 quoque
1774 2680 1848 2722 ex
1894 2661 2184 2722 iuniorum
2232 2660 2479 2721 deorum
2528 2679 2775 2720 numero
2822 2666 2928 2736 cst,

685 2781 835 2840 quos
880 2782 1056 2840 quam
1103 2767 1420 2842 sperneret
1463 2765 1853 2825 Prometheus
1898 2766 1955 2824 in
2002 2766 2204 2844 priore
2250 2765 2449 2826 fabula
2494 2783 2613 2824 non
2674 2764 2928 2824 reticuit.

683 2867 840 2925 Ecce
909 2866 1212 2927 Castorem
1276 2868 1448 2927 offert
1511 2869 1821 2943 speculum
1889 2869 2229 2928 Etruscum.
2344 2869 2441 2928 An
2508 2866 2736 2944 opificis
2803 2866 2928 2926 libi-

682 2968 819 3027 dine
878 2967 937 3026 id
1001 2968 1220 3029 factum
1282 2987 1412 3028 esse
1482 2969 1815 3031 ducamus?
1924 2969 2080 3030 Sane
2140 2971 2187 3030 si
2251 2971 2384 3047 quis
2441 2971 2555 3028 hoc
2620 2971 2925 3029 inventum

679 3076 963 3132 accurate
1007 3071 1422 3149 perpenderit,
1481 3076 1598 3132 tam
1647 3074 1891 3150 egregie
1938 3073 2341 3150 excogitatum
2387 3072 2676 3143 inveniet,
2740 3075 2807 3130 ut
2848 3070 2927 3130 ad

679 3193 965 3234 summum
1028 3181 1266 3254 poetam
1324 3176 1384 3235 id
1445 3195 1732 3237 revocare
1779 3196 1894 3236 uon
1942 3176 2191 3236 dubitet.
2278 3176 2491 3236 Castor
2534 3165 2823 3234 nimirum*
2852 3174 2927 3232 ab

679 3279 812 3354 ipso
857 3278 1007 3337 Jove
1052 3297 1124 3338 ex
1172 3278 1404 3338 mortali
1453 3287 1640 3339 matre
1685 3285 2039 3356 procreatus
2071 3281 2297 3356 primus
2329 3279 2587 3338 omnium
2624 3278 2927 3337 homiuum

683 3381 908 3439 caelum
956 3382 1185 3459 meruit,
1228 3400 1261 3440 e
1307 3382 1536 3441 mortali
1580 3383 1945 3456 immortalis,
1991 3401 2064 3442 ex
2111 3382 2346 3440 homine
2393 3379 2542 3440 deus
2586 3379 2780 3439 factus
2820 3383 2927 3438 est.

679 3481 849 3556 Quae
921 3484 1128 3543 eadem
1196 3503 1326 3544 sors
1393 3484 1713 3544 Herculem
1781 3489 1993 3544 manet.
2109 3484 2263 3543 Nam
2333 3485 2445 3542 iam
2512 3501 2633 3542 non
2699 3483 2930 3559 spernit

669 3587 957 3662 ‘Juppiter
1014 3606 1205 3664 genus
1265 3588 1564 3648 hominum
1629 3587 1847 3647 nedum
1911 3587 2165 3665 perdere
2220 3588 2389 3663 velit,
2451 3590 2517 3646 ut
2569 3590 2748 3645 autea
2793 3603 2924 3644 cum

679 3706 831 3748 unus
876 3689 1271 3749 Prometheus
1333 3691 1386 3750 ei
1453 3689 1771 3750 obsisteret
1830 3695 1889 3749 et
1942 3691 2018 3750 ab
2062 3691 2229 3750 Jovis
2274 3690 2361 3748 ira
2404 3689 2675 3748 homines
2720 3685 2927 3746 defen-

679 3792 823 3852 dere
881 3801 1218 3867 conaretur,
1287 3794 1444 3854 undo
1505 3794 1695 3854 omnis
1757 3796 1914 3855 inter
1974 3794 2149 3854 deum
2217 3811 2288 3853 ac
2350 3793 2625 3851 Titanem
2692 3793 2925 3850 contro-

681 3896 881 3954 versia
923 3903 1058 3956 orta
1103 3900 1210 3958 est.
1287 3896 1503 3957 Videas
1551 3915 1762 3958 versus
1807 3900 2169 3959 231-2411

1107 4064 1373 4146 βροτῶν
1418 4062 1491 4127 δὲ
1536 4066 1678 4128 τῶν
1723 4059 2179 4145 ταλαιπώρων
2226 4057 2435 4144 λόγον

1023 4156 1150 4228 οὐκ
1196 4162 1380 4247 ἔσχεν
1423 4157 1667 4245 οὐδέν’,
1714 4156 1863 4229 ἀλλ’
1908 4155 2239 4241 ἅῖστώσας
2282 4164 2477 4248 γένος

1019 4260 1099 4331 τὸ
1145 4269 1286 4332 πᾶν
1331 4265 1596 4353 ἔχρῃζεν
1643 4263 1810 4333 ἄλλο
1857 4271 2131 4350 φιτῦσαι
2176 4267 2351 4333 νέον.

1022 4370 1135 4434 καὶ
1178 4383 1398 4436 τοῖσιν
1443 4364 1663 4448 οὐδεὶς
1708 4361 2051 4452 ἀντέβαινε
2095 4367 2277 4454 πλὴν
2322 4367 2501 4454 ἐμοῦ.
