3309 5292
2608 409 2725 468 159

487 576 650 652 apud
682 576 1090 653 Pherecydem
1125 577 1390 636 nutrices
1421 594 1457 635 a
1486 577 1771 653 Lycurgo
1802 577 2159 654 perterritas
2189 575 2525 651 Dionysum
2561 575 2738 634 Inoni.

493 677 828 754 tradidisse,
859 696 1034 754 quam
1069 697 1202 737 cum
1235 678 1404 736 Halis
1434 679 1491 737 in
1526 697 1632 739 ore
1654 681 1821 738 sinus
1844 679 2140 755 Pagasaei
2162 677 2459 737 habitasse
2482 681 2733 753 constet,

490 782 548 840 in
593 781 909 840 Thessalia
954 780 1361 856 Pherecydem
1417 787 1479 840 et
1536 781 1727 858 ipsum
1775 783 2119 858 Lycurgum
2168 781 2557 840 collocavisse
2602 798 2732 838 meo

489 885 617 943 iure
677 882 992 943 concludo.
1087 882 1220 942 Hoc
1278 882 1464 961 igitur
1526 902 1685 959 pono
1732 884 2024 945 Graecum
2085 901 2217 944 esse
2275 883 2440 943 illum
2486 883 2729 943 Homeri

491 989 550 1044 et
621 985 990 1064 Pherecydis
1056 985 1402 1064 Lycurgum
1473 985 1960 1063 Graecorumque
2036 986 2349 1064 opiniones
2420 985 2731 1061 religiosas

488 1087 735 1159 redolet,
780 1087 945 1165 quod
992 1087 1264 1149 Bacchus
1309 1090 1368 1149 in
1401 1107 1562 1149 mare
1602 1089 1827 1166 fugisse
1866 1092 2159 1150 narratur.
2247 1089 2364 1164 Qui
2410 1089 2730 1166 Lycurgus

486 1209 628 1250 num
681 1195 846 1251 recte
891 1209 1022 1252 cum
1068 1191 1198 1251 aliis
1258 1191 1520 1254 eiusdem
1581 1193 1837 1254 nominis
1896 1191 2025 1253 deis
2085 1191 2439 1253 heroibusve
2485 1191 2731 1252 Graecis

487 1290 888 1354 confundatur
934 1291 1228 1355 disserere
1273 1295 1450 1356 huius
1495 1293 1915 1373 disputationis
1960 1295 2111 1354 fines
2156 1293 2411 1355 excedit.

659 1396 881 1456 Contra
912 1397 1174 1475 Lycurgi
1221 1399 1348 1458 sive
1394 1398 1490 1457 dei
1533 1400 1660 1458 sive
1699 1397 1897 1458 herois
1928 1397 2236 1458 cuiusdam
2270 1396 2431 1474 apud
2463 1396 2729 1456 Thraces

489 1499 711 1558 cultum
771 1500 1112 1560 Demetrius
1178 1505 1602 1560 commemorat
1667 1499 1826 1577 apud
1888 1499 2242 1560 Strabonem
2309 1496 2381 1559 X
2414 1503 2534 1559 471
2605 1487 2731 1556 τόν

488 1590 821 1660 Διόνυσον
881 1595 953 1660 δὲ
1008 1595 1120 1659 καὶ
1177 1587 1302 1660 τὸν
1345 1587 1639 1660 Ἡδωνόν
1684 1598 2094 1681 Λυκοῦργον
2136 1590 2595 1671 συνάπτοντες
2640 1591 2732 1669 εἰς

489 1694 562 1761 ἓν
603 1692 747 1782 τὴν
805 1686 1387 1784 ὃμοιοτροπίαν
1445 1701 1607 1763 τῶν
1667 1696 1906 1783 ἱερῶν
1952 1697 2473 1763 αἰνίττονται.
2563 1705 2731 1763 Duos

486 1807 668 1883 igitur
696 1810 971 1868 tenemus
1002 1808 1332 1886 Lycurgos,
1373 1826 1626 1884 quorum
1658 1808 1811 1868 alter
1841 1807 2110 1868 Graecus
2138 1808 2233 1866 vir
2261 1805 2514 1866 Penthei
2544 1806 2734 1866 instar

488 1910 644 1969 omni
706 1911 1067 1971 immanitate
1127 1910 1469 1971 teterrimus
1528 1911 1826 1988 deumque
1884 1911 2309 1988 hominumque
2354 1912 2734 1985 contemptor

488 1997 968 2091 (ἀνδροφόνος)
1027 2015 1362 2092 Dionysum
1431 2032 1649 2074 novum
1712 2013 1887 2074 deum
1949 2013 2286 2074 omnimodo
2346 2013 2731 2089 exstinguere

489 2115 839 2194 conabatur,
869 2117 1024 2176 alter
1045 2116 1342 2176 Thracius
1365 2116 1514 2177 deus
1536 2116 1813 2176 Bacchici
1848 2117 2044 2176 cultus
2073 2117 2375 2194 particeps
2406 2120 2549 2175 erat.
2617 2114 2729 2188 Qui

490 2235 623 2277 cum
671 2219 726 2276 in
777 2237 953 2278 unam
1001 2237 1314 2296 personam
1353 2220 1771 2291 confluxerint,
1818 2220 2084 2296 quaestio
2131 2237 2195 2278 se
2240 2219 2413 2278 nobIs
2458 2218 2737 2290 inculcat,

488 2339 627 2379 num
684 2320 828 2397 quid
874 2322 1116 2383 Thracii
1177 2322 1335 2382 illius
1378 2322 1640 2400 Lycurgi
1705 2323 1900 2383 cultus
1959 2322 2034 2382 ad
2083 2322 2448 2383 Graecorum
2496 2321 2733 2381 fabulas

488 2421 950 2483 conformandas
993 2425 1269 2484 valuerit.

657 2525 1002 2587 Herodotus
1061 2527 1160 2586 ubi
1229 2525 1307 2587 de
1367 2527 1532 2588 Getis
1588 2528 1891 2588 Thracum
1952 2531 2131 2604 gente
2195 2526 2480 2604 disputat,
2547 2526 2730 2586 haece

489 2632 695 2686 narrat
726 2626 832 2700 (IV
865 2621 1004 2707 94):
1048 2613 1538 2704 ἀθανατίζουσι
1583 2623 1653 2689 δὲ
1682 2621 1882 2690 τόνδε
1928 2618 2055 2689 τὸν
2083 2620 2348 2708 τρόπον
2392 2671 2407 2688 .
2452 2674 2464 2687 .
2511 2675 2522 2688 .
2571 2615 2732 2688 οὔτε

489 2715 950 2810 ἀποθνήσκειν
987 2721 1281 2802 ἑωυτοὺς
1325 2727 1714 2810 νομίζουσιν
1758 2727 1926 2794 ἰέναι
1969 2750 2041 2793 τε
2087 2723 2212 2792 τὸν
2256 2717 2731 2809 ἀπολλύμενον

485 2822 671 2910 παρὰ
712 2822 1048 2912 Ζάλμοξιν
1092 2829 1392 2913 δαίμονα.
1485 2837 1646 2896 Idem
1710 2856 1844 2897 cum
1906 2837 1981 2897 de
2043 2837 2331 2914 Crobyzis
2391 2840 2451 2895 et
2504 2835 2730 2895 Terizis

487 2936 754 3014 Photius,
776 2936 1008 3014 Suidas,
1031 2938 1507 3015 Etymologicum
1532 2959 1812 3016 magnum
1835 2939 2116 3011 referant,
2140 2939 2302 3000 hand
2326 2939 2454 3000 sine
2470 2938 2726 3016 quadam

485 3040 904 3118 probabilitate
948 3041 1197 3117 reliquis
1244 3061 1483 3119 quoque
1521 3043 1826 3102 Thracum
1858 3043 2137 3120 gentibus
2168 3042 2386 3103 similes
2417 3043 2728 3120 opiniones

486 3145 862 3221 imputamus.
983 3143 1157 3217 Quod
1233 3163 1380 3206 vero
1448 3146 1786 3207 Zalmoxem
1853 3147 1911 3206 in
1983 3164 2133 3206 cavo
2200 3145 2457 3222 quodam
2528 3149 2728 3205 monte

486 3246 755 3308 habitare
810 3246 1120 3308 Strabonis
1185 3249 1366 3308 verba
1424 3234 1764 3327 ἀντρῶδές
1803 3267 1870 3308 τι
1910 3243 2163 3328 χωρίον
2220 3248 2535 3323 (v11298)
2579 3249 2727 3308 satis

487 3351 668 3428 plane
719 3351 959 3428 docent,
1014 3357 1268 3430 apparet
1311 3351 1626 3429 Sophoclis
1672 3354 1826 3413 illam
1874 3355 2275 3415 narrationem
2320 3353 2396 3414 de
2442 3353 2725 3429 Lycurgo

487 3455 646 3512 saxis
689 3454 942 3533 incluso,
987 3470 1164 3527 quam
1197 3455 1478 3532 Aeschyli
1510 3474 1750 3532 quoque
1780 3458 2096 3517 Neaniscis
2127 3457 2473 3518 coniectura
2518 3457 2726 3516 tribui-

487 3574 637 3632 mus,
687 3556 763 3616 ad
809 3557 970 3618 hunc
1014 3559 1206 3636 ipsum
1254 3558 1551 3618 Thracum
1597 3559 1774 3620 deum
1821 3561 2138 3637 pertinere.
2226 3561 2515 3621 Nimirum
2562 3558 2722 3636 qnod

487 3657 699 3719 Graeci
746 3663 958 3737 poetae
1002 3661 1164 3720 hunc
1210 3661 1430 3721 exitum
1478 3662 1739 3739 Lycurgi
1786 3681 1898 3740 pro
1952 3682 2147 3741 poena
2191 3663 2547 3735 habuerunt,
2606 3682 2726 3724 non

488 3762 767 3821 maiorem
815 3766 1012 3822 movet
1057 3764 1444 3842 mirationem,
1489 3783 1669 3840 quam
1715 3766 1875 3841 quod
1907 3766 2085 3826 Rhesi
2134 3766 2383 3827 eandem
2430 3766 2490 3826 in
2524 3769 2725 3826 monte

487 3864 665 3922 vitam
712 3869 778 3924 ut
831 3865 1068 3942 insigne
1127 3865 1407 3942 quiddam
1456 3885 1761 3928 musarum
1817 3869 2145 3945 praemium
2208 3869 2724 3947 praedicaverunt.

657 3966 928 4043 Apparet
989 3968 1144 4028 hanc
1202 3968 1446 4029 Thracii
1507 3969 1771 4046 Lycurgi
1832 3989 1963 4031 cum
2024 3971 2254 4032 Graeco
2315 3971 2723 4033 confusionem

485 4067 762 4127 accidere
821 4088 938 4129 non
1002 4071 1284 4148 potuisse,
1342 4072 1453 4132 nisi
1516 4090 1587 4132 eo
1648 4077 1915 4149 tempore
1974 4092 2094 4150 quo
2154 4073 2367 4135 Graeci
2422 4074 2725 4135 Thracum

488 4169 665 4229 rebus
708 4168 1022 4231 studerent
1075 4171 1488 4250 frequentique
1526 4193 1636 4235 usu
1684 4193 1815 4234 cum
1864 4177 1950 4235 eis
1996 4178 2299 4238 coniuncti
2343 4178 2419 4237 de
2465 4178 2729 4238 moribus

487 4273 944 4348 cogitationibus
1001 4274 1212 4334 ritibus
1271 4293 1475 4335 eorum
1534 4276 1910 4354 indagarent.
2015 4278 2191 4352 Quod
2246 4279 2406 4340 haud
2468 4281 2590 4340 scio
2650 4300 2725 4341 an

488 4391 606 4432 non
639 4379 776 4434 ante
809 4376 878 4434 V.
910 4376 1208 4436 saeculum
1235 4375 1455 4439 factum
1489 4380 1581 4438 sit.
1646 4378 1872 4453 Quinto
1906 4382 2144 4441 saeculo
2175 4383 2420 4442 ineunte
2451 4383 2729 4460 regiones
