3309 5292
639 402 762 465 130

637 575 718 633 At
776 573 1040 650 virgines
1100 592 1252 651 quae
1310 573 1385 633 ad
1445 575 1668 634 Istrum
1728 579 1788 634 ct
1846 573 2068 635 Phasin
2128 573 2397 633 habitant
2454 588 2649 649 neque
2706 571 2877 648 ipsae

636 676 862 751 Lydiae
923 681 1063 736 sunt
1121 695 1319 754 neque
1381 678 1734 753 quibuscum
1781 677 2007 755 Lydiae
2053 677 2387 754 comparari
2446 675 2707 752 possint,
2766 673 2875 734 sed

636 778 986 840 Amazones,
1061 779 1231 853 Quae
1275 798 1420 840 vero
1453 781 1855 840 Amazonibus
1902 779 2291 841 conferantur
2333 797 2578 839 necesse
2624 782 2713 837 est
2758 778 2878 836 sint

635 881 978 941 bellatrices
1027 883 1118 942 vel
1165 883 1537 942 bellati-icum
1585 883 1792 942 saltem
1840 901 2005 943 more
2049 884 2316 943 vestitae.
2393 885 2661 958 Apparet
2689 880 2880 940 verba

636 984 740 1043 illa
787 984 861 1044 de
907 984 1078 1044 nulla
1122 985 1238 1044 alia
1265 985 1502 1062 virgine
1545 985 1745 1062 aptius
1793 983 1906 1044 dici
1954 1002 2129 1062 posse
2162 1003 2336 1062 quam
2369 983 2443 1044 de
2473 984 2667 1043 Diana
2698 989 2879 1059 atque

636 1086 712 1145 ad
773 1088 1178 1146 narrationem
1239 1088 1400 1147 necis
1444 1085 1834 1148 Niobidarum
1895 1087 2005 1147 hos
2064 1105 2273 1147 versus
2340 1086 2690 1148 referendos
2749 1103 2880 1146 esse

636 1193 801 1268 puto.
890 1188 1070 1250 Obori
1128 1207 1273 1250 vero
1338 1193 1542 1266 partes
1600 1191 1837 1266 quinam
1899 1190 2275 1266 susceperint
2336 1208 2410 1249 ex
2456 1190 2597 1266 ipsis
2644 1188 2878 1248 fabulae

637 1290 904 1368 reliquiis
949 1291 1143 1352 evinci
1188 1293 1409 1369 nequit.

804 1395 1054 1454 Praeter
1099 1394 1334 1454 Nioben
1379 1395 1699 1456 Tantalum
1761 1413 2001 1471 quoque
2059 1395 2116 1454 in
2180 1393 2291 1453 hac
2336 1394 2540 1454 fabula
2585 1394 2880 1471 prodiisse

637 1497 941 1557 Plutarchi
993 1498 1330 1557 testimonio
1390 1495 1489 1571 (de
1552 1498 1730 1557 exilio
1785 1516 1833 1558 c.
1868 1501 1948 1558 10
2004 1517 2055 1574 p.
2099 1500 2220 1558 603
2246 1495 2325 1569 A)
2386 1501 2646 1568 constat3
2712 1498 2881 1557 cuius

636 1599 822 1658 verba
877 1603 1017 1659 sunt
1076 1619 1228 1677 quae
1287 1599 1442 1658 idem
1503 1600 1867 1660 Plutarchus
1924 1605 1983 1660 et
2043 1601 2283 1677 plenius
2342 1598 2555 1659 Strabo
2614 1600 2725 1658 XII
2758 1603 2881 1661 580

637 1701 901 1762 servavit
945 1701 1016 1762 fr.
1049 1705 1172 1764 158

942 1833 1198 1918 σπείρω
1245 1827 1303 1898 δ’
1352 1827 1653 1918 ἄρουραν
1698 1822 1931 1915 δώδεχ’
1976 1821 2243 1919 ἡμερῶν
2290 1820 2454 1898 ὁδόν

941 1935 1323 2021 Βερέκυντα
1361 1938 1605 2019 χῶρον,
1654 1925 1801 2000 ἕνθ’
1837 1925 2251 2018 Ἀδραστείας
2296 1932 2449 2012 ἕδος

935 2033 1058 2126 ’Ϊδη
1102 2062 1176 2103 τε
1219 2044 1630 2123 μυκηθμοῑσι
1676 2039 1790 2102 καὶ
1833 2033 2244 2121 βρυχήμασιν

940 2141 1258 2228 βρέμουσι
1301 2135 1552 2227 μήλων,
1594 2143 1738 2205 πᾶν
1782 2132 1841 2207 δ’
1886 2139 2246 2225 ἐπιρροθεῖ
2282 2139 2568 2220 πέδον.1)

637 2285 752 2346 Sed
814 2283 970 2345 hanc
1031 2285 1372 2345 divitiarum
1434 2284 1895 2360 descriptionem
1959 2302 2094 2344 mox
2154 2287 2361 2343 secuta
2422 2289 2514 2344 est
2560 2283 2883 2345 miserrima

637 2388 979 2448 lamentatio
1026 2387 1098 2448 fr.
1131 2392 1270 2449 159.

943 2513 1148 2602 οὑμὸς
1195 2517 1264 2592 δὲ
1307 2513 1568 2602 πότμος
1615 2510 1891 2604 οὐρανῷ
1935 2521 2169 2603 κυρῶν
2214 2509 2358 2582 ἄνω

946 2617 1134 2706 ἔραζε
1179 2621 1410 2686 πίπτει
1455 2621 1568 2685 καί
1609 2645 1691 2705 με
1734 2631 2132 2703 προσφωνεῖ
2172 2618 2359 2687 τάδε·

947 2724 1275 2808 γίγνωσκε
1319 2713 1761 2807 τάνθρώπεια
1804 2718 1892 2811 μὴ
1937 2724 2154 2803 σέβειν
2197 2719 2385 2808 ἄγαν.

640 2871 794 2930 Nam
842 2869 952 2928 hos
982 2885 1192 2928 versus
1223 2868 1457 2944 priores
1488 2867 1622 2927 illos
1653 2887 1773 2927 non
1808 2859 1977 2928 nimis
2006 2870 2187 2944 longo
2219 2868 2537 2929 intervallo
2579 2869 2885 2944 excepisse

637 2971 1004 3032 Plutarchus
1048 2971 1270 3031 diserte
1313 2975 1588 3031 testatur.
1676 2971 1888 3030 Utrum
1952 2971 2111 3030 filiae
2170 2974 2397 3031 tantum
2456 2972 2723 3032 miserias
2778 2991 2884 3033 rex

636 3077 992 3135 lamentatus
1037 3075 1114 3134 sit
1160 3093 1233 3132 an
1283 3073 1608 3134 domestico
1657 3073 1821 3133 luctu
1866 3073 2121 3134 afflictus
2166 3074 2482 3134 advenerit
2517 3075 2773 3135 —licet
2811 3074 2885 3134 de

633 3178 798 3238 Jovis
858 3179 950 3236 ira
993 3177 1310 3254 Pelopisve
1374 3181 1536 3236 sorte
1597 3178 1929 3254 cogitemus
1970 3209 2058 3216 —
2101 3177 2161 3236 id
2205 3179 2541 3238 accuratius
2596 3197 2885 3254 quaerere

635 3281 828 3340 mitto:
875 3279 1020 3339 satis
1067 3279 1254 3338 multa
1301 3278 1376 3339 de
1408 3279 1707 3356 colloquio
1740 3281 1925 3356 patris
1956 3278 2215 3339 infelicis
2244 3299 2375 3340 cum
2406 3279 2529 3340 filia
2559 3281 2885 3342 infeliciore

633 3387 842 3459 aperta
875 3385 1167 3459 prostant.
1211 3382 1366 3441 Nam
1399 3381 1574 3442 modo
1601 3381 2048 3442 consideremus
2084 3387 2144 3442 et
2174 3387 2577 3459 spectatorum
2612 3402 2796 3443 causa
2826 3388 2886 3444 et

634 3485 960 3546 secundum
1027 3485 1172 3544 artis
1216 3484 1591 3561 Aeschyleae
1652 3485 1818 3561 leges
1880 3502 2128 3544 necesse
2186 3485 2371 3545 fuisse
2423 3487 2761 3547 accuratius
2808 3486 2883 3547 de

633 3589 955 3649 liberorum
1024 3605 1170 3647 nece
1233 3589 1563 3665 ceterisque
1625 3589 1859 3648 Niobae
1920 3589 2098 3648 rebus
2160 3587 2428 3649 adversis
2494 3589 2886 3667 proferretur,

633 3711 829 3769 neque
889 3697 1085 3751 tamen
1148 3696 1388 3769 praeter
1451 3691 1772 3751 Tantalum
1836 3710 2189 3769 quemquam
2252 3692 2549 3769 prodiisse
2611 3695 2754 3769 quin
2815 3713 2885 3753 ea

535 3810 540 3816 ·
635 3795 760 3855 fata
823 3798 1070 3872 aspectu
1133 3795 1592 3871 praesentiaque
1660 3795 1863 3867 sciret,
1932 3798 2186 3872 apparet
2250 3796 2361 3873 ipsi
2428 3797 2581 3872 patri
2647 3797 2883 3857 Nioben

635 3899 873 3976 longius
936 3897 1276 3957 narravisse
1338 3899 1472 3975 quis
1532 3897 1642 3957 sibi
1704 3915 1874 3957 casus
1943 3899 2229 3958 evenerit.
2336 3897 2463 3991 Ad?
2500 3899 2655 3958 hanc
2720 3901 2884 3959 necis

636 4000 1035 4061 narrationem
1083 4000 1152 4060 fr.
1190 4004 1338 4077 155,
1399 4020 1518 4077 quo
1563 3999 1794 4059 Dianae
1856 4001 2095 4060 habitus
2156 4000 2547 4074 describatur,
2607 4006 2883 4078 spectare

631 4123 816 4181 supra
863 4104 1001 4182 dixi,
1045 4104 1122 4163 ad
1171 4103 1420 4165 eandem
1468 4101 1667 4164 refero
1712 4103 1783 4164 fr.
1820 4107 1940 4165 160

810 4304 853 4365 ¹)
887 4294 1170 4371 βρέμουσι
1207 4300 1580 4368 casaubonus,
1617 4300 1743 4356 libri
1779 4293 2039 4371 ἓρπουσι.
2111 4295 2426 4371 ἐπιρροθεῖ
2456 4301 2726 4369 Goerlitz,
2760 4301 2885 4356 libri

639 4378 888 4456 ἐρέχθει,
926 4385 1179 4442 Meineke
1218 4379 1544 4455 ἐρέχθεται.

3288 987 3305 1067 --Ᾱὶ
