3309 5292
729 471 851 539 124

719 654 958 727 gereret
1002 681 1080 691 -
1132 649 1384 710 eundem
1445 651 1669 710 seilicet
1727 651 1829 727 qui
1881 655 2061 712 antea
2106 652 2359 713 Vulcani
2423 671 2737 730 personam
2801 653 2975 714 indu-

721 756 852 812 erat
893 782 978 792 —
1023 754 1130 814 sub
1177 771 1322 813 saxo
1383 753 1669 814 latentem
1716 772 1927 814 versus
1989 756 2472 832 pronuntiavisse
2530 755 2685 816 inter
2747 757 2975 832 peritos

718 855 934 932 opinor
965 860 1216 916 constat.
1281 857 1500 934 Neque
1531 857 1727 916 minus
1757 864 1986 917 eertum
2018 862 2110 918 est
2140 858 2373 918 duobus
2404 862 2632 919 tantum
2666 859 2975 919 actoribus

715 957 793 1016 ad
838 957 1102 1018 fabulam
1147 958 1440 1036 agendam
1487 974 1641 1035 opus
1686 959 1889 1038 fuisse,
1934 979 2067 1019 cum
2114 961 2321 1020 Robur
2366 960 2647 1023 Oceanus
2691 960 2765 1021 Jo
2812 963 2971 1021 Mer-

716 1061 916 1120 curius
960 1060 1036 1120 ab
1081 1061 1289 1122 eodem
1337 1067 1537 1122 actore
1582 1061 1681 1139 agi
1727 1066 1987 1139 possent.
2079 1064 2408 1140 Utramque
2452 1064 2744 1124 rationem
2790 1065 2965 1124 etiam

715 1162 789 1222 ad
836 1163 1105 1225 Solutum
1155 1165 1359 1225 valere
1405 1165 1501 1225 vel
1561 1166 1813 1226 maxime
1866 1165 2189 1226 verisimile
2251 1171 2357 1226 est.
2446 1166 2724 1227 Efficitur
2782 1168 2966 1243 igitur

712 1285 832 1326 non
877 1265 1075 1344 ipsum
1104 1267 1446 1328 Promethei
1495 1273 1752 1328 actorem
1802 1267 1905 1328 sed
1951 1268 2327 1328 simulacrum
2373 1269 2518 1330 illud
2564 1272 2670 1329 aut
2711 1289 2747 1329 a
2780 1269 2965 1330 choro

709 1368 992 1429 Titanum
1053 1373 1156 1430 aut
1219 1389 1256 1429 a
1301 1370 1646 1432 Castoribns
1704 1372 1765 1430 in
1825 1371 2017 1431 exodo
2077 1370 2315 1432 fabulae
2374 1389 2405 1431 e
2468 1388 2690 1431 scaena
2740 1372 2962 1431 elatum

711 1489 859 1548 esse,
903 1476 970 1532 ut
1012 1473 1260 1532 inlatum
1305 1478 1433 1534 erat
1478 1491 1515 1534 a
1558 1475 1799 1534 Robure
1846 1477 1905 1534 et
1935 1475 2259 1550 Potestate,
2302 1491 2499 1550 neque
2543 1474 2962 1534 Prometheum

712 1593 844 1635 cum
907 1575 1138 1636 solutus
1196 1579 1357 1636 esset
1415 1576 1603 1635 ullum
1667 1576 1926 1652 amplius
1970 1593 2208 1635 versum
2257 1575 2460 1634 dicere
2506 1577 2791 1652 potuisse.
2876 1574 2963 1635 si-

709 1678 879 1738 lentii
926 1680 1140 1738 multas
1185 1696 1327 1739 sane
1375 1697 1585 1738 causas
1617 1685 1796 1754 poeta
1828 1677 2111 1754 effingere
2143 1679 2361 1754 potuit3
2410 1678 2747 1738 memineris
2780 1697 2960 1755 quam

708 1781 908 1861 lepide
954 1781 1205 1842 eandem
1269 1780 1672 1841 difficultatem
1722 1781 2039 1858 Euripides
2098 1782 2346 1841 solverit
2404 1782 2463 1840 in
2526 1780 2643 1841 fine
2687 1781 2961 1842 Alcestis.

705 1886 789 1945 At
849 1885 982 1962 quis
1038 1889 1130 1946 est
1191 1886 1291 1962 qui
1337 1883 1582 1944 vincula
1627 1884 1966 1944 Promethei
2020 1883 2297 1961 ruperit?
2383 1883 2664 1944 Castores
2712 1889 2957 1945 catenas

708 1987 1082 2066 expedivisse
1143 1992 1202 2047 et
1260 2004 1509 2047 cuneum
1569 2003 1601 2045 e
1664 2004 1920 2063 corpore
1964 1986 2197 2046 Titanis
2258 1987 2590 2046 extraxisse
2649 1986 2813 2046 haud
2876 1988 2960 2048 ita

705 2090 1023 2152 verisimile
1068 2093 1157 2150 est
1203 2108 1397 2166 neque
1441 2089 1737 2149 Hercules
1782 2088 2019 2165 quidem
2068 2091 2183 2149 hoc
2228 2107 2471 2149 munere
2517 2088 2686 2166 fungi
2732 2091 2956 2168 potuit3

704 2213 839 2254 nam
888 2195 1129 2254 sirecte
1163 2193 1460 2271 disputavi
1507 2191 1660 2252 duos
1703 2195 1938 2252 actores
1982 2191 2219 2252 fabulae
2263 2191 2536 2269 agendae
2576 2191 2957 2267 satisfecisse,

703 2315 838 2357 eum
898 2314 1145 2357 necesse
1203 2299 1333 2356 erat
1390 2315 1427 2355 a
1487 2312 1707 2355 scaena
1769 2293 2056 2355 recedere
2100 2295 2445 2371 priusquam
2495 2293 2774 2355 Castores
2817 2313 2953 2372 pro-

702 2398 915 2460 dirent.
1031 2399 1245 2476 Neque
1311 2415 1456 2458 sane
1524 2415 1634 2474 per
1700 2414 1763 2457 se
1830 2401 2294 2456 consentaneum
2362 2399 2454 2456 est
2518 2415 2652 2457 eum
2719 2398 2957 2457 vincula

702 2502 962 2584 rupisse,
1028 2521 1181 2580 quae
1242 2500 1693 2579 inexplicabilia
1750 2501 2055 2560 Vulcanus
2122 2504 2431 2560 nexuerat.
2547 2500 2703 2575 Quid
2764 2501 2953 2562 vero?

701 2602 917 2666 Nonne
962 2605 1090 2683 ipse
1135 2604 1474 2679 Aeschylus
1519 2603 1578 2662 in
1623 2602 1840 2662 Vincto
1904 2601 2125 2662 indicat
2168 2603 2489 2664 Herculem
2533 2604 2950 2664 Prometheum

699 2725 831 2769 esse
891 2708 1225 2769 soluturum
1287 2705 1367 2781 (v.
1412 2710 1534 2768 770
1558 2705 1703 2779 ss.)?
1766 2705 2061 2766 Concedo.
2151 2707 2231 2766 At
2276 2706 2510 2766 mimine
2572 2706 2714 2768 dicit
2771 2713 2950 2785 poeta

698 2812 823 2871 suis
884 2811 1070 2888 ipsius
1131 2807 1404 2870 manibus
1461 2809 1783 2868 Herculem
1847 2807 2086 2868 vincula
2144 2811 2461 2885 rupturum
2522 2827 2667 2870 esse.
2762 2811 2947 2870 Immo

697 2914 798 2991 qui
842 2913 1103 2990 aquilam
1149 2911 1451 2989 deiecerit,
1495 2910 1596 2988 qui
1641 2913 1902 2988 rigorem
1933 2910 2275 2971 Promethei
2308 2913 2572 2984 solverit,
2617 2914 2718 2989 qui
2751 2917 2947 2974 osten-

696 3014 866 3087 derit,
911 3034 1027 3093 quo
1074 3013 1249 3075 modo
1280 3013 1460 3073 Titan
1507 3030 1639 3072 cum
1671 3012 1822 3072 Jove
1868 3013 2173 3073 conciliari
2216 3014 2420 3092 possit,
2473 3032 2673 3076 nonne
2704 3016 2755 3074 is
2800 3016 2947 3076 satis

693 3118 852 3179 bono
898 3118 1025 3178 iure
1071 3098 1109 3173 ὁ
1156 3106 1363 3186 λύσας
1427 3115 1541 3174 dici
1605 3105 1885 3174 videtur?
1971 3114 2054 3174 At
2113 3114 2237 3174 dixi
2306 3116 2519 3193 opinor
2580 3134 2763 3193 supra
2816 3118 2944 3179 eius

694 3239 935 3294 nomen,
995 3220 1100 3297 qui
1157 3218 1543 3278 simulacrum
1597 3237 1632 3276 a
1678 3235 1823 3276 saxo
1868 3216 2151 3278 refixerit.
2245 3218 2366 3291 Qui
2426 3220 2658 3297 pepigit
2701 3219 2943 3281 vincula

693 3323 970 3383 nimirum
1018 3321 1242 3381 laxavit
1286 3321 1617 3380 Vulcanus!
1707 3320 2046 3380 Memineris
2091 3321 2267 3380 velim
2325 3339 2501 3398 quam
2549 3322 2695 3382 alias
2738 3327 2941 3400 partes

692 3427 741 3486 is
806 3423 868 3485 in
938 3426 1154 3485 Vincto
1221 3423 1555 3500 susceperit
1628 3441 1698 3482 ac
1771 3424 1954 3483 ceteri
2027 3424 2289 3484 iuniores
2362 3424 2484 3503 dei,
2556 3442 2811 3502 quorum
2882 3430 2942 3486 et

691 3530 990 3606 interpres
1035 3527 1370 3587 Mercurius
1416 3528 1476 3586 et
1519 3525 1774 3585 ministri
1818 3525 2017 3586 Robur
2061 3530 2243 3602 atque
2286 3527 2559 3587 Potestas
2602 3528 2940 3604 superbiam

687 3633 960 3709 iramque
1040 3631 1099 3690 in
1188 3629 1489 3689 infelicem
1571 3629 1849 3690 'Pitanem
1936 3633 2274 3710 erumpunt.
2383 3628 2603 3690 Videas
2684 3631 2936 3691 Vulcani

687 3735 877 3795 verba

759 3927 813 3967 v.
850 3910 944 3968 19.
991 3891 1248 3966 ἄκοντά
1293 3890 1349 3965 o'
1394 3891 1582 3965 ἄκων
1626 3893 1975 3975 δυσλύτοις
2014 3895 2470 3983 χαλκεύμασιν

989 3997 1606 4086 προσπασσαλεύσω
1649 3991 1813 4086 τῷδ’
1858 3991 2305 4087 ἀπανθρώπῳ
2349 3999 2565 4087 πάγῳ.

845 4166 944 4224 34.
1236 4149 1390 4230 Διὸς
1431 4148 1559 4237 γὰρ
1605 4152 2133 4238 δυσπαραίτητοι
2176 4155 2443 4239 φρένες·

992 4247 1163 4333 ἅπας
1208 4255 1280 4320 δὲ
1322 4251 1580 4339 τραχὺς,
1626 4247 1810 4332 ὅστις
1854 4247 1940 4321 ἂν
1982 4255 2143 4321 νέον
2188 4259 2419 4341 κρατῇ.

838 4419 937 4480 66.
981 4408 1136 4488 αἰαῖ,
1187 4411 1574 4496 Προμηθεῦ,
1623 4410 1769 4474 σῶν
1811 4397 1988 4495 ὑπὲρ
2033 4410 2247 4475 στένω
2290 4407 2547 4480 πόνων.
