3309 5292
2541 431 2661 490 155

415 599 556 658 iecit
623 601 684 657 in
753 598 1072 672 Rhodope,
1146 599 1248 672 qui
1311 614 1478 656 mons
1547 603 1637 657 est
1706 597 2034 668 Thraciae,
2108 598 2283 656 cuius
2351 598 2663 672 imperium

414 699 622 759 habuit
651 743 666 760 .
712 697 838 774 [hic
893 701 1165 758 traditur
1208 715 1389 758 unum
1419 700 1643 774 pedem
1700 698 1816 759 sibi
1871 715 1989 774 pro
2050 697 2265 758 vitibus
2322 696 2661 772 excidisse}

416 804 732 880 Copiosius
786 804 1188 880 Apollodorus
1245 808 1301 878 3,
1334 807 1390 881 5,
1427 809 1479 880 1,
1510 808 1578 864 3:
1638 799 2025 881 Λυκοῦργος
2086 795 2156 862 δὲ
2214 809 2373 873 παῖς
2416 792 2664 881 Δρύαν-

413 923 551 977 τος,
593 891 899 964 Ἠδωνῶν
933 895 1326 979 βασιλεύων,
1375 897 1443 963 οἳ
1489 893 1852 983 Στρυμόνα
1897 895 2209 982 ποταμὸν
2240 900 2663 984 παροικοῦσι,

413 1005 683 1084 πρῶτος
754 1001 1028 1083 ὑβρίσας
1101 999 1409 1082 ἐξέβαλεν
1484 994 1697 1065 αύτόν
1740 1019 1753 1032 ·
1802 1002 1911 1065 καὶ
1988 997 2309 1077 Διόνυσος
2381 1000 2502 1083 μὲν
2573 999 2665 1077 εἰς

415 1099 766 1168 θάλασσαν
830 1097 1003 1185 πρὸς
1067 1102 1265 1167 Θέτιν
1331 1099 1455 1188 τὴν
1514 1103 1791 1187 Νηρέως
1858 1103 2207 1188 κατέφυγε,
2273 1094 2533 1185 Βάκχαι
2593 1102 2664 1166 δὲ

414 1203 729 1288 ἐγένοντο
778 1201 1190 1287 αἰχμάλωτοι
1235 1204 1346 1268 καὶ
1379 1199 1458 1267 τὸ
1493 1197 1957 1288 συνεπόμενον
1989 1199 2323 1290 Σατύρων
2352 1207 2621 1288 πλῆθος
2648 1223 2661 1236 ·

415 1291 614 1383 αὖθις
689 1305 759 1370 δὲ
833 1303 901 1370 αἱ
973 1302 1229 1388 Βάκχαι
1303 1301 1648 1390 ἐλύθησαν
1725 1304 2065 1390 ἐξαίφνης,
2139 1301 2517 1391 Λυκούργῳ
2593 1306 2663 1370 δὲ

302 1481 306 1484 ,
411 1407 660 1492 μανίαν
723 1405 1072 1492 ἐνεποίησε
1132 1403 1504 1482 Διόνυσος·
1570 1397 1606 1470 ὅ
1669 1407 1739 1471 δὲ
1800 1404 2107 1492 μεμηνώς
2169 1405 2480 1491 Δρύαντα
2539 1403 2665 1472 τὸν

411 1511 650 1586 παῖδα,
712 1501 1019 1593 ἀμπέλου
1081 1509 1376 1592 νομίζων
1437 1511 1664 1592 κλῆμα
1720 1505 2029 1587 κόπτειν,
2089 1511 2353 1575 πελέκει
2406 1506 2664 1594 πλήξας

413 1602 792 1689 ἀπέκτεινε,
857 1610 967 1674 καὶ
1038 1603 1540 1695 ἀκρωτηριάσας
1607 1601 1823 1675 αύτόν
1883 1606 2349 1696 ἐσωφρόνησε·
2416 1614 2533 1699 τῆς
2592 1613 2663 1677 δὲ

408 1715 529 1796 γῆς
603 1707 914 1795 α’κάρπου
988 1708 1345 1797 μενούσης,
1419 1709 1691 1797 ἔχρησεν
1765 1703 1801 1777 ὁ
1870 1707 2034 1789 θεὸς
2102 1709 2664 1800 καρποφωρήσειν

412 1808 652 1891 αύτὴν,
715 1808 801 1877 ἄν
858 1817 1242 1896 θανατωθῇ
1297 1816 1725 1899 Λυκοῦργος·
1786 1805 2061 1880 Ἠδωνοὶ
2124 1814 2193 1881 δὲ
2260 1807 2665 1892 ἀκούσαντες

410 1915 500 1992 εἰς
566 1911 644 1981 τὸ
708 1919 1055 2002 Παγγαῖον
1116 1911 1329 1981 αύτόν
1391 1908 1855 2001 ἀπαγαγόντες
1916 1909 2071 2000 ὄρος
2136 1913 2406 2003 ἔδησαν,
2473 1910 2665 1982 κάκεῑ

410 2014 582 2082 κατὰ
641 2015 974 2084 Διονύσου
1040 2016 1362 2104 βούλησιν
1405 2012 1542 2085 ὑπὸ
1590 2015 1828 2084 ἵππων
1888 2021 2286 2104 διαφθαρεὶς
2346 2011 2665 2087 ἀπέθανε.

410 2129 477 2186 In
541 2131 794 2203 utraque
857 2128 1058 2187 fabula
1119 2147 1275 2205 quae
1335 2128 1409 2187 de
1465 2128 1632 2187 exitu
1678 2127 1947 2205 Lycurgi
2012 2134 2338 2188 narrantur
2397 2133 2463 2188 ut
2508 2131 2663 2188 inter

377 2245 474 2288 'se
535 2229 906 2306 discrepant,
967 2230 1051 2290 ita
1114 2249 1185 2289 ea
1241 2231 1315 2290 ab
1374 2230 1658 2306 Aeschyli
1719 2229 1935 2290 fabulis
1998 2231 2098 2289 vix
2160 2231 2425 2308 pendere
2486 2250 2661 2308 posse

407 2338 689 2409 apparet3
735 2336 938 2391 cetera
980 2351 1127 2392 vero
1173 2351 1304 2393 cum
1353 2334 1438 2392 eis
1484 2334 1626 2392 satis
1672 2333 2073 2410 consentiunt,
2119 2351 2273 2409 quae
2312 2353 2384 2392 ex
2416 2335 2664 2410 picturis

411 2434 604 2494 edocti
653 2452 876 2506 sumus,
934 2436 1043 2494 nisi
1092 2434 1252 2511 quod
1299 2434 1707 2512 Apollodorus
1746 2436 2074 2494 scaenicam
2121 2435 2277 2494 illam
2323 2437 2659 2496 versionem

295 2579 298 2581 Α
413 2555 544 2597 cum
591 2537 834 2596 Homeri
883 2537 958 2597 de
1002 2537 1240 2597 Baccho
1300 2539 1359 2596 in
1415 2555 1578 2598 mare
1626 2537 1896 2614 fugiente
1942 2538 2284 2597 narratione
2330 2539 2483 2598 male
2524 2557 2661 2598 con-

408 2639 736 2698 taminavit.
809 2640 1035 2716 Hygini
1065 2638 1306 2700 fabulae
1337 2639 1664 2699 clausulam
1698 2639 2059 2700 Schmidtius
2102 2645 2265 2700 recte
2310 2640 2547 2718 quidem
2599 2645 2663 2700 ut

407 2742 666 2818 glossam
727 2743 897 2802 uncis
958 2742 1225 2818 inclusit,
1283 2746 1544 2802 attamen
1589 2760 1713 2803 rem
1761 2743 1951 2820 ipsam
1997 2761 2117 2803 non
2164 2743 2436 2821 imperite
2481 2762 2659 2822 argu-

407 2851 608 2905 mento
673 2846 996 2905 subiectam
1058 2864 1186 2906 esse
1255 2844 1608 2922 Apollodori
1669 2847 1818 2906 illud
1884 2829 2390 2925 ἀκρωτηριάσας
2448 2829 2660 2906 αὑτόν

407 2948 649 3007 indicat.
732 2948 887 3007 Nam
920 2946 1079 3024 quod
1114 2949 1172 3007 in
1205 2949 1332 3008 eius
1364 2949 1707 3009 narratione
1738 2948 1999 3009 editores
2030 2935 2243 3007 αύτόν
2273 2949 2655 3009 scribendum

407 3067 538 3108 esse
585 3050 942 3121 maluerunt,
988 3067 1116 3109 cum
1156 3050 1286 3125 ipso
1319 3053 1674 3126 argumento
1705 3054 1955 3129 pugnat,
2000 3051 2278 3127 quoniam
2310 3051 2654 3128 Lycurgum

401 3149 585 3208 filium
649 3149 957 3210 necavisse
999 3153 1211 3209 auctor
1255 3150 1460 3226 paullo
1506 3155 1645 3210 ante
1698 3169 1734 3208 a
1788 3149 2060 3210 affirmat.
2148 3151 2244 3211 Ad
2289 3151 2654 3229 Aeschylum

404 3251 462 3310 id
496 3251 875 3310 referendum
909 3268 1040 3311 esse
1074 3253 1173 3310 vix
1219 3256 1388 3329 puto,
1432 3271 1564 3312 cum
1615 3253 1787 3312 nimis
1830 3253 2222 3313 immoderata
2267 3255 2436 3331 copia
2480 3272 2654 3330 argu-

408 3353 588 3413 menti
635 3355 854 3413 iustum
902 3354 1236 3413 fabularum
1285 3354 1520 3414 modum
1568 3353 1863 3416 excedere
1911 3355 2198 3415 videatur.
2286 3355 2449 3415 Idem
2493 3358 2655 3416 valet

406 3457 476 3516 de
523 3456 617 3532 iis,
671 3476 823 3533 quae
871 3457 1145 3533 Hyginus
1191 3457 1264 3516 de
1313 3460 1496 3517 matre
1542 3457 1808 3534 Lycurgi
1855 3462 2089 3536 narrat,
2133 3457 2246 3518 etsi
2291 3460 2405 3518 hoc
2452 3462 2648 3518 tamen

405 3559 543 3619 inde
590 3560 979 3619 admonemur
1023 3558 1196 3619 facile
1241 3559 1367 3618 fieri
1409 3561 1689 3637 potuisse,
1736 3565 1801 3620 ut
1831 3563 1993 3638 regis
2025 3565 2214 3620 mater
2244 3563 2301 3620 in
2334 3563 2651 3623 Neaniscis

401 3662 605 3722 fabula
649 3663 1005 3738 procederet
1051 3667 1110 3722 et
1154 3680 1348 3738 aeque
1396 3681 1466 3722 ac
1512 3664 1872 3740 Amphitryo
1917 3665 1976 3723 in
2020 3665 2282 3725 Hercule
2323 3665 2651 3742 Euripidea

401 3764 658 3824 familiae
704 3783 904 3825 casum
951 3769 1260 3841 superstes
1306 3765 1553 3825 doleret.

573 3869 638 3925 In
684 3868 800 3927 fine
846 3867 1146 3944 trilogiae,
1208 3886 1330 3944 qua
1374 3868 1595 3927 Bacchi
1643 3868 1973 3945 humilitas,
2033 3869 2255 3946 gloria,
2314 3871 2649 3948 triumphus

402 3969 850 4048 continebatur,
907 3971 1097 4044 ipsum
1145 3970 1478 4045 Dionysum
1541 3971 1907 4047 processisse
1966 3971 2025 4031 in
2081 3972 2398 4047 propatulo
2454 3979 2545 4034 est
2589 3975 2649 4032 et

399 4068 528 4129 fieri
572 4074 789 4147 potest,
832 4075 898 4130 ut
941 4071 1018 4129 ad
1064 4071 1192 4130 eius
1237 4071 1563 4131 orationem
1596 4072 1915 4132 referenda
1946 4072 2082 4150 sint,
2126 4091 2279 4150 quae
2312 4073 2646 4151 Sophocles

398 4171 599 4249 Antig.
645 4175 767 4233 955
798 4190 876 4231 ss.
922 4171 996 4232 de
1042 4174 1205 4232 exitu
1252 4174 1517 4250 Lycurgi
1565 4180 1795 4235 narrat:

704 4260 971 4353 Ζεὺχθη
1021 4259 1076 4333 δ’
1121 4260 1444 4352 ὀξύχολος
1487 4284 1643 4348 παῖς
1690 4271 1726 4336 ὃ
1774 4269 2140 4356 Δρύαντος,

701 4363 1014 4436 Ἠδωνῶν
1057 4369 1386 4453 βασιλεὺς,
1429 4374 1805 4458 κερτομίοις
1851 4367 2079 4459 όργαῑς

501 4490 623 4534 Dius.
651 4492 768 4543 phil.
796 4492 897 4532 Hal.
925 4492 1062 4536 xm.
2268 4497 2325 4556 11
