3309 5292
2600 415 2718 474 117

475 590 738 646 mentum
808 587 1086 646 haustum
1155 604 1285 646 esse
1373 586 1811 652 concludimus3
1869 605 1989 663 qua
2054 585 2113 645 in
2182 604 2249 644 re
2312 585 2463 644 nihil
2520 583 2722 660 refert,

473 692 674 750 utrum
722 690 852 766 ipse
900 689 1234 766 Aeschylus
1294 689 1451 750 hanc
1504 689 1741 751 fabulae
1786 689 2033 750 formam
2080 689 2376 748 invenerit
2417 706 2514 765 an,
2558 685 2717 763 quod

477 797 642 869 puto,
687 792 762 852 ab
806 791 940 852 aliis
983 795 1284 868 receptam
1329 794 1678 853 servaverit.
1764 793 1953 852 Nemo
1998 793 2151 852 enim
2201 789 2433 868 putabit
2478 789 2723 850 vascula
2838 835 2845 840 .

479 897 583 956 illa
628 895 702 954 ad
750 897 906 956 sexti
953 896 1174 956 saeculi
1222 896 1521 973 quendam
1568 900 1805 974 poetam
1852 897 2173 973 respicere.
2260 895 2475 971 Neque
2520 898 2719 952 tamen

480 1001 592 1059 hac
635 1017 700 1058 re
746 999 938 1059 omnis
983 1001 1253 1075 quaestio
1283 1000 1558 1060 absoluta
1589 1005 1698 1060 est.
1764 1000 2056 1060 Nimirum
2092 999 2187 1058 cui
2221 1017 2338 1058 non
2372 999 2431 1056 in
2465 1002 2719 1056 mentem

479 1102 641 1162 venit
685 1102 888 1178 paries
933 1102 1034 1161 ille
1080 1103 1456 1163 celeberrimi
1502 1104 1709 1180 templi
1742 1102 2015 1168 Bacchici
2049 1101 2451 1175 Atheniensis,
2494 1100 2555 1159 in
2602 1116 2719 1175 quo

477 1204 730 1263 Penthei
792 1205 1012 1265 exitum
1074 1206 1292 1282 pictum
1355 1204 1538 1266 fuisse
1601 1207 1765 1264 hisce
1808 1206 2142 1266 Pausaniae
2188 1203 2385 1264 verbis
2438 1203 2721 1262 docemur

475 1306 525 1380 (Ι
557 1311 656 1383 20,
688 1304 776 1378 3):
819 1297 1034 1366 ταῦτά
1075 1325 1148 1366 τε
1195 1294 1273 1388 δὴ
1319 1300 1732 1386 γεγραμμένα
1776 1300 1899 1367 εἰσὶ
1942 1302 2055 1365 καὶ
2100 1295 2405 1375 Πενθεὺς
2448 1299 2560 1363 καὶ
2592 1301 2720 1363 Λυ-

474 1406 764 1489 κοῦργος
807 1390 904 1468 ὦν
949 1401 1015 1480 ἐς
1059 1400 1394 1470 Διόνυσον
1437 1396 1723 1489 ὕβρισαν
1784 1399 2084 1480 διδόντες
2144 1403 2359 1482 δίκας,
2413 1393 2717 1486 Ἀριάδνη

477 1505 548 1571 δὲ
591 1503 1025 1572 καθεύδουσα
1067 1508 1183 1571 καὶ
1232 1501 1484 1592 Θησεὺς
1529 1500 1942 1591 ἀναγόμενος
1992 1506 2107 1572 καὶ
2153 1503 2477 1582 Διόνυσος
2532 1495 2720 1589 ἥκων

476 1609 542 1686 ἐς
585 1612 703 1692 τῆς
721 1600 1062 1695 Ἀριάδνης
1089 1605 1217 1694 τὴν
1248 1599 1574 1695 ἁρπαγήν.
1628 1617 1941 1693 Templum
1973 1616 2131 1676 intra
2162 1633 2351 1676 annos
2381 1617 2717 1677 420—413

474 1717 852 1778 aedificatum
901 1737 1036 1778 esse
1079 1739 1271 1796 nuper
1303 1721 1547 1780 Emilius
1577 1719 1793 1780 Reisch
1825 1719 2143 1780 luculentis
2174 1719 2541 1795 argumentis
2585 1737 2719 1794 pro·

475 1819 700 1893 bavit¹)
768 1841 961 1898 neque
1026 1823 1310 1884 habemus
1376 1843 1481 1883 cur
1546 1843 1664 1883 non
1736 1824 1993 1902 parietes
2056 1824 2252 1882 statim
2326 1823 2517 1899 pictos
2590 1838 2718 1880 esse

475 1924 781 1984 ducemne.
898 1925 1074 1998 Quod
1137 1928 1184 1986 si
1252 1927 1484 2003 pictura
1542 1926 1642 1986 illa
1701 1925 2005 2002 Euripidis
2064 1925 2315 1986 Bacchis
2373 1923 2720 2002 praecurrit,

475 2045 572 2086 res
645 2028 776 2104 ipsa
848 2032 1077 2088 tantum
1153 2047 1272 2088 non
1348 2029 1566 2088 clamat
1635 2029 2028 2105 Aeschyleam
2104 2028 2359 2088 fabulam
2432 2025 2719 2087 artificem

473 2134 740 2190 secutum
809 2147 956 2190 esse.
1067 2131 1198 2190 Hac
1264 2131 1338 2190 de
1404 2131 1637 2208 pictura
1704 2131 1955 2190 maxime
2015 2131 2262 2192 vascula
2318 2130 2420 2188 illa
2478 2129 2722 2207 Appula

475 2233 746 2311 pendere
778 2233 1050 2305 arbitror,
1097 2233 1208 2293 nisi
1256 2234 1416 2310 quod
1465 2238 1711 2307 paterae
1744 2234 2122 2295 Monacensis
2166 2235 2357 2311 pictor
2400 2234 2514 2294 hoc
2559 2236 2721 2292 certe

473 2335 548 2394 de
607 2334 858 2393 Bacchis
918 2335 1259 2412 Euripideis
1321 2337 1596 2413 sumpsit,
1674 2336 1833 2412 quod
1904 2337 2060 2395 inter
2127 2336 2372 2394 arbores
2436 2336 2719 2394 latentem

476 2438 807 2498 Pentheum
867 2439 1076 2516 pinxit.
1163 2440 1525 2516 Aeschylum
1583 2441 1767 2517 igitur
1827 2440 1927 2499 hic
1985 2458 2116 2500 cum
2163 2439 2451 2515 Euripide
2512 2438 2719 2498 eodem

475 2540 651 2602 modo
697 2543 1079 2602 coniunctum
1128 2543 1391 2604 videmus
1436 2544 1601 2603 velut
1653 2543 1713 2603 in
1760 2543 2026 2604 Theonis
2085 2542 2302 2602 tabulis
2363 2561 2496 2602 cum
2542 2542 2720 2602 Stesi-

473 2643 656 2703 choro
703 2642 844 2716 (vid.
875 2662 1063 2722 supra
1108 2666 1164 2723 p.
1202 2644 1366 2718 111).

643 2850 1026 2910 Monumenta
1090 2870 1245 2927 quae
1305 2852 1506 2911 Aiacis
1566 2857 1815 2911 mortem
1882 2852 2167 2911 exhibent
2226 2851 2388 2912 nullo
2452 2851 2581 2911 iure
2644 2851 2719 2910 ad

478 2951 755 3028 Aeschyli
815 2945 1110 3014 Thracias
1179 2947 1458 3014 mulieres
1523 2954 1767 3030 referri,
1833 2974 1965 3014 cum
2032 2955 2147 3013 iam
2212 2954 2518 3014 Arctinum
2588 2972 2718 3013 eam

473 3055 813 3114 narravisse
875 3053 1200 3128 constet²)‚
1261 3062 1424 3116 recte
1481 3058 1540 3116 in
1604 3058 1950 3117 universum
2016 3057 2279 3134 Vogelus
2342 3054 2721 3129 contendit.³)

474 3156 678 3216 Potuit
724 3157 774 3216 is
819 3156 1062 3217 adicere
1107 3159 1222 3218 iam
1268 3160 1326 3219 in
1371 3159 1703 3219 crateribus
1736 3159 2059 3220 Corinthiis
2106 3159 2260 3219 idem
2306 3162 2718 3234 argumentum

473 3256 860 3331 occul-retest)
947 3261 1226 3322 Attamen
1291 3261 1440 3337 fugit
1501 3262 1669 3321 illum
1716 3262 1919 3338 aliqua
1966 3267 2130 3322 certe
2176 3262 2421 3322 vascula
2466 3266 2723 3336 exstare,

473 3379 627 3438 quae
657 3366 932 3422 accurate
965 3382 1094 3422 cum
1129 3383 1201 3424 ea
1231 3363 1430 3425 fabula
1455 3366 1850 3443 consentiant,
1882 3383 2061 3442 quam
2086 3365 2391 3441 Aeschylo
2416 3366 2717 3442 propriam

412 3543 416 3547 .
473 3463 653 3524 fnisse
699 3464 926 3525 scimus.
1003 3467 1229 3525 Narrat
1268 3468 1422 3526 enim
1459 3469 1755 3544 interpres
1784 3468 1857 3527 ad
1890 3469 2204 3544 Sophoclis
2234 3469 2325 3528 Αἰ.
2355 3471 2504 3534 933;
2550 3457 2724 3525 κατὰ

471 3555 551 3624 τὸ
598 3553 762 3624 ἄλλο
809 3562 998 3645 σῶμα
1043 3555 1346 3646 ἄτρωτος
1390 3556 1476 3648 ἦν
1522 3551 1559 3628 ὃ
1605 3561 1804 3644 Αἴας,
1865 3561 2037 3629 κατὰ
2092 3563 2163 3629 δὲ
2206 3557 2333 3652 τὴν
2374 3560 2719 3649 μασχάλην

473 3658 731 3745 τρωτὸς
795 3659 903 3727 διὰ
965 3660 1047 3729 τὸ
1101 3660 1227 3729 τὸν
1262 3653 1578 3750 Ἡρακλέα
1621 3669 1705 3749 τῇ
1751 3669 1991 3749 λεοντῇ
2036 3657 2249 3732 αὐτὸν
2295 3663 2721 3732 σκεπάσαντα

646 3884 688 3951 1)
737 3883 792 3936 in
840 3883 1055 3938 Eranos
1103 3883 1556 3938 Vindobonensis
1600 3890 1706 3954 p.1
1750 3901 1824 3940 ss.
1903 3885 2010 3940 Vel
2058 3885 2128 3939 de
2176 3887 2381 3942 maiore
2427 3887 2719 3956 imaginum

477 3972 756 4023 vetustate
793 3969 1060 4036 cogitavit
1094 3967 1516 4025 Milchhoeferus
1552 3971 1609 4024 in
1633 3971 1919 4026 annalibus
1945 3971 2182 4026 instituti
2216 3972 2616 4042 archaeologiei
2638 3974 2719 4028 XI

471 4069 522 4121 p.
557 4058 652 4122 82,
711 4054 878 4109 nimis·
931 4054 1152 4123 quidem
1203 4054 1419 4111 infirmo
1471 4055 1831 4112 fundamento
1885 4056 2065 4112 nixus.
2183 4057 2228 4127 2)
2277 4058 2387 4112 vid.
2430 4059 2601 4114 schol.
2648 4060 2718 4114 ad

469 4139 626 4194 Pind.
651 4139 841 4193 Isthm.
865 4139 1054 4194 11153.
1125 4141 1294 4195 schol.
1331 4141 1401 4195 ad
1436 4141 1481 4195 Il
1505 4144 1558 4194 Λ
1583 4146 1699 4196 515.
1770 4143 2009 4211 Robert,
2043 4143 2167 4198 Bild
2203 4144 2315 4198 und
2350 4144 2486 4199 Lied
2513 4161 2575 4213 p.
2602 4149 2716 4201 223.

470 4225 515 4292 ³)
551 4224 608 4277 in
655 4225 818 4280 libro:
872 4225 1085 4280 Szenen
1132 4226 1575 4295 Euripideischer
1616 4227 1935 4297 'Pragtidien
1981 4229 2038 4282 in
2083 4229 2462 4298 griechischen
2506 4231 2715 4286 Vasen-

471 4309 762 4377 gemaldon
810 4327 863 4378 p.
895 4315 972 4364 12.
1134 4315 1179 4377 ⁴)
1232 4312 1502 4380 Exempla
1549 4329 1817 4382 expressa
1862 4319 1993 4369 sunt
2037 4315 2183 4371 Mon.
2210 4315 2262 4370 d.
2288 4314 2423 4372 Inst.
2444 4314 2613 4373 v133
2661 4321 2720 4375 et

472 4394 835 4465 Archaeolog.
861 4395 1140 4468 Anzeiger
1179 4400 1302 4452 1891
1343 4413 1398 4469 p.
1427 4402 1539 4454 116.
