3309 5292
634 419 758 478 160

635 587 710 648 ad
743 585 1062 664 Strymona
1092 588 1243 647 sitae
1274 604 1520 664 prorsus
1551 587 1610 645 in
1635 587 1955 647 Persarum
1992 588 2285 663 potestate
2310 588 2483 645 erant
2510 603 2581 645 ac
2604 585 2869 662 profecto

633 707 744 749 nec
797 688 1196 750 Athenienses
1257 707 1451 764 neque
1512 688 1611 748 alii
1669 687 1879 748 Graeci
1940 692 2066 748 tum
2131 689 2189 747 in
2251 687 2598 747 Edonorum
2655 687 2873 747 finibus

632 791 1072 852 habitaverunt.
1188 791 1492 852 Confectis
1570 808 1715 850 vero
1786 790 1959 850 bellis
2022 791 2343 850 Persarum
2422 791 2617 850 omnia
2675 788 2874 849 studia

631 895 1012 968 rationesque
1073 898 1134 954 et
1192 893 1589 953 commerciiet
1646 892 1735 952 rei
1796 892 2067 953 militaris
2127 893 2186 951 in
2232 911 2334 953 eas
2379 894 2654 968 regiones
2700 910 2873 952 voca-

637 997 874 1056 bantur.
962 993 1317 1072 Olympiade
1354 995 1600 1055 LXXVI
1646 993 2046 1054 Athenienses
2099 994 2388 1054 coloniam
2436 993 2509 1053 ad
2558 994 2875 1070 Strymona

631 1099 1072 1160 constituerunt
1102 1100 1162 1158 et
1193 1101 1566 1175 quantopere
1599 1099 1859 1157 omnium
1891 1097 2069 1157 animi
2100 1102 2225 1157 tum
2257 1097 2313 1157 in
2347 1096 2644 1156 Thracum
2692 1097 2875 1156 rebus

632 1203 855 1262 versati
929 1202 1064 1272 siut,
1139 1201 1268 1278 ipse
1341 1200 1679 1277 Aeschylus
1752 1201 2172 1276 integerrimus
2244 1199 2411 1260 testis
2485 1203 2696 1276 exstat,
2770 1199 2873 1274 qui

633 1296 726 1365 Ol.
757 1304 1031 1363 LXXVII
1062 1304 1124 1362 in
1155 1303 1356 1363 Persis
1385 1308 1767 1363 accurateeas
1798 1303 2079 1379 regiones
2110 1303 2385 1380 depinxit
2414 1300 2493 1375 (v.
2526 1304 2649 1363 868
2690 1299 2791 1373 ss.)
2809 1299 2874 1374 1).

524 1417 527 1420 '
631 1407 929 1467 Summam
989 1407 1174 1482 igitur
1235 1405 1415 1466 habet
1471 1405 1960 1465 verisimilitatem
2021 1410 2145 1466 tum
2204 1403 2438 1464 demum
2479 1403 2873 1464 Athenienses

631 1509 976 1570 Edonorum
1023 1508 1185 1568 illum
1233 1508 1577 1584 Lycurgum
1627 1508 1863 1569 novisse
1917 1513 1978 1568 et
2020 1507 2223 1568 nescio
2270 1526 2446 1583 quam
2492 1508 2568 1567 ob
2630 1524 2869 1566 causam

632 1630 765 1672 cum
813 1611 1043 1672 Graeco
1105 1611 1204 1680 illo
1266 1630 1339 1671 ex
1401 1609 1644 1671 Homeri
1706 1610 2069 1672 carminibus
2128 1611 2432 1671 notissimo
2496 1609 2871 1678 confudisse3

631 1714 689 1773 id
735 1714 896 1790 quod
942 1731 1012 1776 eo
1059 1711 1290 1772 facilius
1336 1711 1461 1772 fieri
1492 1713 1703 1789 potuit,
1748 1730 1881 1772 cum
1928 1713 2087 1789 apud
2120 1712 2442 1772 Homerum
2474 1711 2647 1771 nulla
2679 1710 2872 1787 patria

633 1817 898 1892 Lycurgi
944 1815 1206 1875 indicata
1251 1832 1382 1874 esse
1428 1815 1754 1874 videretur.

802 1918 956 1980 Satis
981 1918 1166 1978 multa
1191 1919 1430 1994 cognita
1451 1917 1759 1989 habemus,
1793 1921 1858 1977 ut
1890 1916 2193 1977 mirificam
2224 1920 2414 1977 artem
2446 1915 2871 1992 ingeniumque

631 2040 775 2083 sane
822 2020 1090 2082 divinum
1121 2021 1332 2081 summi
1365 2024 1577 2098 poetae
1608 2020 1990 2080 admiremur.
2064 2021 2146 2081 Ut
2174 2019 2625 2080 Atheniensium
2658 2018 2872 2079 studiis

629 2123 1030 2201 responderet
1075 2123 1411 2201 Aeschylus
1450 2143 1486 2182 a
1515 2123 1763 2184 Thracii
1794 2125 2061 2202 Lycurgi
2092 2142 2224 2184 cum
2257 2123 2489 2183 Graeco
2521 2121 2872 2183 confusione

631 2224 938 2303 profectus
995 2243 1208 2285 novam
1272 2224 1533 2284 fabulam
1598 2226 1930 2300 coustituit,
1997 2226 2271 2302 mutavit,
2338 2243 2493 2301 quae
2549 2243 2586 2283 a
2653 2242 2873 2285 scaena

631 2328 1054 2404 abhorrebant,
1121 2328 1282 2388 haud
1345 2329 1584 2406 exigua,
1641 2329 1753 2389 nisi
1814 2327 2004 2399 fallor,
2070 2329 2201 2404 ipse
2262 2328 2506 2387 invenit.
2564 2326 2870 2404 Orpheum

631 2430 913 2507 Lycurgo
972 2429 1191 2490 adiecit
1249 2431 1618 2506 deorumque
1682 2431 2004 2491 certamine
2063 2431 2333 2490 instituto
2393 2447 2681 2490 summam
2738 2430 2871 2489 reli·

628 2533 825 2609 gionis
867 2533 1228 2609 gravitatem
1275 2532 1513 2593 fabulae
1557 2533 1806 2593 addidit.

805 2635 1081 2709 Quonam
1112 2638 1381 2713 tempore
1404 2637 1726 2714 Lycurgea
1757 2636 1935 2696 docta
1958 2635 2041 2714 ‚sit
2072 2638 2240 2697 certa
2269 2635 2611 2694 testimonia
2642 2633 2881 2694 desunt.

638 2738 814 2813 Quod
874 2757 1022 2800 vero
1068 2741 1128 2799 et
1173 2739 1417 2800 Edonos
1463 2744 1524 2800 et
1567 2739 1919 2800 Bassarides
1966 2744 2025 2800 et
2069 2739 2406 2799 Neaniscos
2452 2741 2592 2798 ante
2638 2737 2877 2797 domum

633 2841 857 2918 regiam
906 2841 1113 2903 doctas
1159 2861 1288 2904 esse
1335 2842 1758 2921 intelleximus,
1808 2840 2156 2903 inferiorum
2203 2840 2492 2918 Aeschyli
2536 2840 2873 2900 fabularum

636 2962 883 3006 numero
928 2945 1303 3022 Lycurgeam
1352 2944 1730 3006 inserendam
1776 2962 1905 3006 esse
1949 2949 2132 3019 patet.

807 3141 848 3210 ¹)
895 3139 1100 3196 Videas
1159 3156 1297 3210 quae
1355 3140 1665 3195 Fridericus
1724 3139 1883 3194 Blass
1952 3137 2211 3193 disseruit
2266 3137 2321 3191 in
2389 3137 2565 3193 Musei
2622 3136 2876 3193 Rhenani

636 3229 748 3317 yol.
782 3221 973 3283 XXIX
1010 3232 1125 3282 481.

1536 4048 1995 4116 corrigendum.

808 4185 930 4239 pag.
963 4175 1057 4224 128
1095 4170 1217 4223 adu.
1255 4169 1379 4238 lege
1419 4169 1530 4222 vid.
1568 4168 1677 4223 tab.
1704 4168 1773 4223 11.
1808 4184 1910 4235 pro
1947 4167 2055 4220 tab.
2084 4165 2163 4219 Ic.
