3309 5292
2543 397 2663 458 129

425 571 746 632 liberorum
809 572 1148 649 sepulcrum
1212 571 1496 648 pictorem
1542 570 1772 647 fingere
1815 570 2101 630 voluisse.
2186 568 2269 628 At
2313 568 2473 645 quod
2520 567 2668 630 dicit

425 673 617 751 ipsum
667 675 939 751 opificem
984 675 1045 734 in
1089 691 1262 734 suum
1309 691 1482 733 usum
1528 673 1687 734 hanc
1743 671 1982 733 fabulae
2039 671 2286 732 formam
2346 671 2668 748 invenisse,

426 775 648 838 excidit
692 778 746 836 ei
793 777 1080 838 memoria
1122 777 1355 837 Niobae
1399 775 1796 854 Aeschyleae,
1854 793 1987 835 cum
2042 793 2163 851 qua
2206 779 2481 834 accurate
2526 793 2665 834 con-

425 879 702 954 sentiunt,
747 897 897 955 quae
944 880 1040 939 hic
1084 879 1244 957 picta
1284 877 1573 940 videmus.
1664 878 1855 952 Quam
1903 895 2147 938 necesse
2193 881 2283 937 est
2326 876 2664 938 accuratius

422 981 819 1058 inspiciamus,
865 986 930 1042 ut
970 982 1047 1042 ab
1091 999 1162 1042 ca
1206 982 1500 1059 picturam
1547 980 1815 1058 pendere
1860 980 2255 1058 comprobem.

591 1119 684 1180 De
744 1118 910 1179 initio
971 1118 1215 1178 fabulae
1273 1122 1574 1179 servatum
1637 1121 1729 1178 est
1786 1115 2183 1179 testimonium
2242 1118 2341 1176 vel
2406 1119 2663 1178 maxime

421 1221 728 1299 probabile
774 1221 1050 1299 idemque
1095 1221 1348 1282 aliorum
1392 1221 1745 1297 scriptorum
1793 1221 2145 1281 auctoritate
2191 1219 2601 1281 confirmatum
2617 1217 2663 1293 ¹)

421 1324 546 1384 eius
578 1325 678 1401 qui
709 1323 889 1385 vitam
923 1325 1204 1401 Aeschyli
1238 1323 1575 1401 descripsit:
1625 1313 1735 1383 διὰ
1772 1312 1853 1381 τὸ
1894 1304 2299 1398 πλεονάζειν
2342 1319 2441 1400 τῷ
2475 1313 2662 1402 βάρει

419 1422 562 1485 τῶν
607 1412 1005 1505 προσώπων
1049 1421 1471 1506 κωμωδεῑται
1514 1411 1675 1506 παρ’
1714 1411 2193 1505 Ἀριστοφάνει·
2254 1417 2329 1483 ἐν
2367 1418 2491 1503 μὲν
2533 1415 2659 1504 γὰρ

417 1525 500 1605 τῇ
527 1517 743 1606 Νιόβῃ
785 1518 1052 1607 (Νιόβη)
1095 1519 1220 1599 ἕως
1262 1521 1500 1606 τρίτου
1541 1522 1781 1607 μέρους
1819 1520 2277 1607 ἐπικαθημένη
2321 1524 2423 1606 τῷ
2465 1517 2662 1605 τάφει

416 1625 560 1689 τῶν
616 1625 886 1690 παίδων
944 1616 1148 1690 οὐδὲν
1207 1625 1573 1709 φθέγγεται
1631 1622 2187 1710 ἐγκεκαλυμμένη.
2294 1629 2525 1704 Quibus
2585 1649 2659 1692 ex

417 1733 618 1794 verbis
663 1737 729 1793 ut
774 1735 964 1794 conici
1024 1734 1160 1794 licet
1219 1732 1476 1793 fabulam
1538 1734 1727 1812 ipsam
1790 1737 2039 1794 mortem
2101 1730 2449 1806 liberorum,
2509 1751 2659 1810 quos

417 1836 505 1896 bis
566 1842 792 1915 septem
854 1837 1218 1914 Aeschylum
1287 1838 1695 1897 numeravisse
1754 1836 1942 1898 schol.
2000 1835 2205 1914 Eurip.
2255 1837 2482 1897 Phoen.
2538 1841 2657 1900 159

422 1945 858 2013 commemorat,
905 1958 1022 1999 non
1069 1939 1430 2016 exhibuisse,
1475 1939 1580 1999 sed
1625 1958 1663 1998 a
1708 1958 1980 2000 maerore
2024 1940 2228 1999 matris
2272 1936 2455 2000 orbae
2500 1941 2659 2016 prin-

414 2043 630 2119 cipium
691 2041 958 2116 duxisse,
1019 2044 1102 2102 ita
1157 2044 1287 2119 ipse
1346 2060 1603 2103 scaenae
1662 2043 1901 2103 habitus
1960 2047 2141 2124 atque
2192 2047 2473 2120 aspectus
2517 2043 2659 2103 inde

415 2145 682 2222 intellegi
747 2151 1018 2223 possunt.
1127 2148 1195 2208 In
1265 2145 1457 2206 media
1523 2145 1833 2206 orchestra
1898 2151 2270 2224 spectatores
2332 2147 2656 2207 liberorum

412 2247 765 2323 Amphionis
826 2249 1117 2308 tumulum
1185 2248 1360 2310 modo
1429 2254 1796 2309 exstructum
1865 2248 2344 2328 conspiciebant,
2409 2250 2468 2309 in
2537 2270 2655 2328 quo

410 2350 606 2410 Niobe
652 2350 844 2426 capite
891 2351 1087 2410 velato
1135 2351 1456 2412 considens
1502 2350 1694 2411 dolori
1741 2349 2112 2428 indulgebat,
2171 2369 2300 2411 cum
2361 2352 2518 2412 circa
2562 2358 2656 2412 tu-

415 2453 636 2512 mulum
698 2453 916 2512 chorus
961 2454 1198 2513 Tantali
1261 2454 1416 2513 filiae
1477 2454 1712 2530 culpam
1775 2454 2040 2529 iramque
2101 2452 2348 2514 deorum
2395 2459 2658 2516 caneret.

421 2554 776 2632 Amphionis
823 2555 1059 2616 domum
1108 2557 1331 2630 regiam
1377 2557 1436 2615 in
1485 2573 1709 2616 scaena
1753 2560 2133 2633 conspectam
2180 2574 2313 2616 esse
2354 2576 2553 2635 neque
2582 2577 2655 2619 ex

410 2657 675 2734 reliquiis
718 2657 959 2719 fabulae
1005 2659 1196 2718 evinci
1243 2662 1441 2737 potest
1484 2663 1544 2720 et
1588 2664 1753 2719 certa
1813 2658 2067 2735 quadam
2129 2677 2336 2726 causa,
2400 2659 2476 2720 de
2535 2680 2657 2738 qua

410 2759 568 2819 infra
629 2759 770 2820 data
828 2777 1013 2837 opera
1073 2760 1294 2838 dicam,
1352 2761 1591 2821 excludi
1653 2760 1907 2821 videtur.
2012 2762 2193 2821 Immo
2254 2766 2394 2822 ante
2451 2767 2655 2841 portas

408 2863 776 2937 Thebarum,
823 2863 924 2922 ubi
969 2883 1035 2923 re
1081 2882 1226 2925 vera
1273 2861 1480 2940 erat2),
1526 2869 1765 2942 poetam
1812 2865 2105 2925 tumulum
2154 2866 2469 2926 liberorum
2518 2869 2653 2927 Am-

409 2965 648 3043 phionis
705 2965 947 3026 finxisse
1010 2968 1342 3028 statuimus.
1444 2969 1599 3028 Nam
1669 2985 1927 3029 scaenae
1987 2969 2178 3028 locum
2241 2969 2463 3029 Thebis
2522 2987 2653 3032 esse

407 3072 640 3144 poetam
686 3069 974 3146 voluisse,
1031 3089 1151 3130 non
1200 3071 1260 3128 in
1305 3069 1529 3147 Lydia,
1586 3076 1654 3131 ut
1698 3071 2083 3131 Hermannus
2144 3072 2423 3149 opinatus
2482 3070 2654 3146 est³),

405 3171 536 3246 ipse
581 3171 676 3230 hic
721 3172 988 3231 tumulus
1033 3171 1222 3232 docet.
1312 3172 1576 3232 Eandem
1622 3173 1805 3249 igitur
1845 3173 1975 3232 vfere
2006 3191 2284 3234 scaenam
2318 3176 2513 3236 animo
2544 3175 2651 3235 tibi

405 3273 687 3350 effingas,
741 3293 862 3350 qua
920 3276 976 3334 in
1024 3275 1225 3334 Persis
1284 3280 1345 3335 et
1386 3276 1745 3336 Prometheo
1801 3281 2037 3354 poetam
2092 3294 2266 3336 usum
2312 3295 2441 3338 esse
2486 3279 2653 3354 ipsae

405 3375 649 3437 fabulae
693 3382 968 3437 servatae
1013 3377 1244 3438 docent.

574 3515 696 3575 Iam
745 3519 948 3575 cetera
993 3534 1149 3592 quae
1197 3516 1270 3576 de
1317 3515 1518 3577 fabula
1565 3535 1597 3576 e
1627 3515 1979 3593 fragmentis
2012 3516 2159 3577 disci
2190 3523 2462 3596 possunt,
2508 3538 2648 3579 con-

404 3617 747 3679 sideremus.
835 3618 1091 3679 Chorum
1137 3637 1211 3679 ex
1258 3618 1581 3694 virginibus
1626 3619 1836 3696 Lydiis
1893 3620 2223 3680 constitisse
2267 3622 2649 3683 Hermannus

405 3725 466 3779 et
511 3720 918 3781 Weckleiuius
963 3722 1331 3798 collegerunt
1377 3741 1453 3782 ex
1500 3723 1833 3798 fragmento
1884 3727 2002 3784 155

696 3862 946 3955 Ἴστρος
990 3867 1309 3946 τοιαύτας
1354 3871 1746 3956 παρθένους
1791 3869 2127 3955 ἐξεύχεται

708 3977 978 4058 τρέφειν
1025 3964 1062 4040 ὅ
1105 3965 1177 4040 θ’
1223 3966 1426 4058 ἁγνὸς
1477 3977 1704 4051 Φᾶσις.

575 4213 614 4281 ¹)
653 4212 763 4266 vid.
795 4211 1078 4281 Aristoph.
1114 4214 1254 4268 Rau.
1279 4219 1395 4268 911.
1465 4215 1636 4271 schol.
1672 4216 1875 4272 Aesch.
1911 4217 2090 4271 Prom.
2117 4223 2231 4272 452.
2302 4217 2551 4286 Eustath.
2579 4217 2642 4271 Il.

400 4314 456 4366 p.
487 4301 733 4366 1343‚62.
838 4299 884 4366 ²)
918 4298 1029 4352 vid.
1045 4299 1278 4354 Pausan.
1296 4300 1377 4354 IX
1399 4305 1476 4369 16,
1497 4307 1543 4355 7.
1648 4304 1694 4363 ³)
1728 4302 1794 4356 In
1842 4303 2227 4359 dissertatione
2274 4303 2344 4357 de
2378 4303 2643 4374 Aeschyli

403 4381 578 4438 Niobe
619 4387 765 4437 1823.
801 4407 870 4429 =
906 4382 1106 4456 Opusc.
1126 4383 1288 4440 11137
1308 4401 1385 4442 ss.
