3309 5292
605 415 726 472 120

600 582 672 640 ad
727 583 1116 659 Aeschyleam
1165 585 1530 661 tragoediam
1581 586 1963 646 referendum
2011 607 2127 646 non
2178 606 2309 648 esse
2355 587 2656 649 Robertus
2720 610 2843 651 mo·

597 686 728 744 nuit
773 684 1405 764 (Sarkophag-Reliefs
1439 689 1496 747 ΙΙ
1542 707 1598 765 p.
1625 691 1747 762 61).

766 910 859 970 Ad
915 905 1234 986 Sphingem
1300 909 1558 969 fabulam
1620 911 1941 988 satyricam
2004 915 2178 971 acute
2236 913 2467 973 rettulit
2530 913 2841 987 Crusius1)

593 1016 840 1090 paterae
885 1015 1207 1090 picturam,
1267 1030 1422 1088 quae
1467 1013 1721 1072 silenum
1769 1014 2038 1092 exhibet,
2097 1016 2198 1092 qui
2247 1016 2527 1094 Sphingis
2590 1037 2838 1077 acumen

594 1119 808 1191 tentat,
867 1115 1144 1176 vivamne
1205 1135 1279 1174 an
1345 1121 1634 1175 mortuam
1699 1135 1867 1176 avem
1930 1136 2150 1193 rogans
2219 1120 2278 1178 in
2343 1139 2519 1179 manu
2583 1120 2839 1196 detegat.

590 1218 888 1294 Ambigua
934 1219 1205 1278 nimirum
1253 1219 1524 1295 quaestio
1573 1224 1679 1292 est,
1726 1238 1863 1278 nam
1894 1220 1959 1278 -si
1992 1219 2220 1296 Sphinx
2268 1227 2556 1282 mortuam
2604 1223 2841 1298 dixerit,

589 1321 819 1380 silenus
863 1321 1188 1380 ostentabit
1235 1322 1459 1398 vivam3
1504 1322 1595 1380 sin
1627 1323 1843 1393 vIvam,
1891 1323 2340 1399 complectendo
2388 1326 2625 1385 necabit
2668 1345 2837 1385 avem

589 1423 832 1498 silenus,
877 1424 1218 1500 priusquam
1270 1443 1505 1484 manum
1550 1426 1798 1501 aperiat.

761 1650 1036 1708 Transeo
1101 1647 1180 1708 ‘ad
1251 1667 1322 1709 ea
1388 1653 1797 1726 monumenta,
1866 1667 2020 1726 quae
2089 1670 2245 1710 nova
2308 1637 2703 1728 et'gravi‘ora
2763 1652 2837 1712 de

593 1753 922 1830 deperditis
967 1751 1184 1813 fabulis
1230 1771 1340 1812 nos
1372 1752 1954 1825 docere-videantur,
2001 1753 2075 1812 ad
2109 1755 2528 1815 Prometheum
2562 1755 2835 1833 solutum,

589 1856 664 1916 ad
710 1856 974 1930 Nioben,
1033 1855 1110 1914 ad
1155 1856 1536 1933 Lycurgeam
1600 1857 1951 1932 spectantia.
2044 1859 2243 1934 Atque
2290 1861 2357 1916 ut
2401 1877 2437 1917 a
2483 1852 2836 1921 Prometheo

588 1961 971 2035 incipiamus,
1035 1959 1150 2018 iam
1213 1957 1436 2018 dudum
1498 1964 1733 2019 constat
1778 1963 1837 2019 et
1882 1979 1918 2019 a
1966 1959 2457 2033 Milohhoefer02)
2502 1963 2836 2022 luculenter

587 2063 920 2138 expositum
969 2065 1060 2120 est
1105 2062 1302 2121 omnia
1349 2081 1418 2121 ea
1463 2065 1847 2122 monumenta
1891 2081 2046 2139 quae
2092 2064 2514 2123 Prometheum
2560 2064 2637 2123 ad
2682 2064 2833 2124 Cau-

587 2183 784 2224 casum
817 2166 1079 2224 vinctum
1114 2164 1541 2243 demonstrant,
1585 2183 1659 2224 ex
1689 2165 1975 2242 Aeschyli
2016 2166 2327 2242 tragoedia
2372 2167 2654 2244 pendere,
2700 2186 2832 2227 cum

583 2271 724 2328 ante
811 2287 939 2327 eam
1014 2268 1405 2328 Prometheus
1493 2267 1570 2326 ad
1644 2269 1847 2345 palum
1927 2270 2164 2328 vinctus
2250 2270 2515 2330 Hesiodo
2590 2273 2835 2331 auctore

586 2371 780 2431 dictus
827 2377 1006 2448 atque
1051 2372 1164 2431 hoc
1210 2371 1385 2432 modo
1429 2372 1489 2431 in
1535 2371 1972 2448 antiquioribus
2003 2373 2165 2432 vasis
2211 2372 2403 2449 pictus
2442 2367 2583 2448 sit.3)
2661 2374 2834 2434 Com·

587 2493 846 2536 memoro
892 2477 1161 2535 Panaeni
1220 2477 1278 2534 in
1342 2475 1562 2554 templo
1608 2475 1775 2536 Jovis
1822 2473 2082 2552 Olympii
2130 2477 2426 2552 picturam
2476 2477 2754 2546 (Pausan.
2783 2479 2831 2536 V

588 2583 683 2655 11,
716 2581 793 2650 6),
841 2597 958 2655 quo
1007 2579 1230 2638 nullum
1273 2581 1470 2638 exstat
1501 2579 1808 2655 antiquius
1839 2580 2190 2656 exemplum,
2236 2585 2461 2655 quanta
2490 2579 2831 2656 Aeschylus

585 2681 947 2741 auctoritate
993 2683 1050 2740 in
1097 2681 1358 2741 artifices
1401 2681 1606 2758 fuerit3
1653 2681 1871 2740 deinde
1912 2683 2068 2741 inter
2100 2700 2171 2740 ea
2202 2699 2357 2758 quae
2393 2682 2563 2740 nobis
2596 2686 2833 2741 servata

583 2789 724 2844 sunt
769 2788 1151 2845 monumenta
1195 2785 1500 2862 egregium
1549 2784 1701 2844 illud
1749 2802 1899 2860 opus
1948 2803 2340 2845 marmoreum
2388 2787 2447 2844 in
2509 2803 2644 2844 arce
2690 2786 2833 2844 Per-

583 2908 966 2968 gamenorum
1016 2887 1270 2960 erutum,
1332 2889 1593 2965 parietes
1640 2889 2062 2965 Pompeianos,
2120 2889 2527 2966 sarcophagos
2572 2888 2833 2966 denique

521 3036 527 3041 -
582 2991 901 3052 Romanos.
1011 2994 1089 3051 At
1156 2992 1343 3052 multo
1411 2992 1705 3068 ampliora
1772 2997 1833 3051 et
1901 2991 2181 3071 graviora
2254 2992 2640 3069 suppeditant
2712 2992 2831 3053 duo

581 3095 822 3172 specula
858 3093 1178 3164 Etrusca.⁴)
1253 3094 1522 3154 Alterum
1555 3095 1977 3155 Prometheum
2011 3095 2276 3154 vinctum
2323 3095 2479 3154 inter
2508 3095 2829 3154 Herculem

583 3201 642 3257 et
686 3198 1024 3274 Apollinem
1071 3197 1336 3266 exhibet;
1399 3198 1681 3272 alterum,
1742 3198 1901 3275 quod
1968 3199 2153 3259 multo
2214 3199 2641 3274 elegantiorem
2686 3217 2833 3274 prae

583 3318 648 3360 se
713 3301 831 3360 fert
896 3301 1124 3372 stilum,
1201 3301 1458 3360 solutum
1526 3319 1659 3360 cum
1729 3301 1993 3360 Hercule
2060 3304 2121 3360 et
2190 3301 2437 3362 Castore
2506 3301 2833 3378 coniungit.

580 3404 994 3482 Prometheus,
1039 3404 1138 3481 qui
1182 3404 1363 3462 salice
1410 3407 1736 3463 coronatus
1782 3409 1889 3479 est,
1935 3404 2176 3463 anulum
2222 3423 2258 3462 a
2304 3404 2551 3464 Castore
2597 3404 2833 3480 accipit.

581 3507 800 3582 Aquila
856 3505 1090 3590 deiecta
1149 3512 1288 3567 ante
1333 3507 1614 3566 Herculis
1677 3506 1863 3583 pedes
1926 3507 2099 3567 iacet.
2185 3507 2445 3566 Nomina
2504 3505 2829 3582 figurarum

585 3611 641 3668 in
691 3615 946 3686 utroque
991 3610 1240 3688 speculo
1287 3609 1594 3685 adscripta
1649 3614 1806 3668 sunt.
1898 3609 2067 3683 Quae
2132 3613 2515 3670 monumenta
2574 3627 2639 3668 re
2684 3627 2832 3668 vera

580 3711 657 3770 ad
725 3712 1012 3788 Aeschyli
1079 3713 1498 3773 Prometheum
1567 3713 1829 3773 solutum
1901 3713 2214 3773 referenda
2282 3731 2413 3773 esse
2480 3713 2828 3789 priusquam

580 3816 909 3894 ost-endam,
955 3816 1242 3876 nonnulla
1287 3834 1443 3892 quae
1490 3815 1737 3876 aliunde
1784 3815 1858 3876 de
1906 3815 2016 3875 hac
2062 3816 2269 3875 fabula
2315 3819 2617 3891 comperta
2654 3816 2829 3875 habe-

581 3938 724 3992 mus,
771 3921 1032 3980 breviter
1077 3919 1462 3996 percensebo.

751 4153 794 4220 1)
830 4151 1336 4208 Commentationes
1371 4152 1427 4205 in
1461 4151 1728 4206 honorem
1763 4151 1994 4206 Joannis
2032 4151 2345 4206 Overbecki
2378 4167 2432 4220 p.
2464 4155 2556 4204 1⁰2
2583 4165 2659 4204 ss.

578 4238 904 4309 2)Βθι·1ἰῑιθι·
941 4238 1709 4307 Winckclmannsprogramm
1766 4241 1914 4291 1882.
2054 4239 2100 4304 ⁸)
2151 4235 2260 4288 vid.
2316 4235 2530 4290 Hubert
2584 4235 2831 4290 Schmidt

581 4325 1014 4380 Observationes
1049 4324 1492 4394 archaeologicae
1527 4324 1583 4376 in
1618 4323 1856 4378 carmina
1879 4321 2174 4378 Hesiodea.
2228 4321 2374 4376 Diss.
2406 4321 2530 4390 phil.
2556 4321 2676 4376 Hal.
2704 4320 2827 4375 XII.

580 4414 627 4482 ⁴)
660 4411 1109 4482 Vorlegeblatter
1143 4411 1194 4465 D
1219 4410 1270 4464 X
1295 4415 1344 4480 4,
1363 4416 1412 4464 5.
