3309 5292
654 447 775 505 118

647 602 818 672 κατὰ
877 610 1084 677 τοῦτο
1143 604 1223 675 τὸ
1279 610 1478 696 μέρος
1537 602 1959 677 ἅσκέπαστον
2018 610 2202 676 ἐᾶσαι
2256 608 2367 677 διὰ
2410 607 2535 677 τὸν
2580 606 2893 696 γωρυτὸν

641 701 723 776 ὃν
781 712 1182 795 περιέκειτο·
1245 714 1450 799 φησὶν
1509 714 1579 780 δὲ
1630 716 1787 798 περὶ
1845 707 2061 780 αὐτοῦ
2106 707 2438 798 Αἰσχύλος
2500 705 2607 780 ὅτι
2652 717 2765 780 καὶ
2808 712 2888 782 τὸ

639 815 832 896 ξίφος
876 812 1250 898 ἐκάμπτετο
1297 807 1556 901 οὐδαμῇ
1599 814 1987 895 ἐνδιδόντος
2032 821 2155 882 τοῦ
2201 813 2461 901 χρωτὸς
2513 819 2597 901 τῇ
2658 821 2891 903 σφαγῇ,

641 913 844 999 τόξον
889 909 978 994 ὥς
1022 941 1124 995 τις
1167 916 1505 995 ἐντείνων,
1549 921 1715 1002 πρὶν
1760 912 1841 1007 δή
1884 943 2003 997 τις,
2048 921 2231 1005 φησί,
2275 923 2591 1004 παροῦσα
2632 920 2889 1005 δαίμων

641 1017 889 1101 ἔδειξεν
949 1012 1134 1106 αὐτῷ
1195 1016 1366 1086 κατὰ
1423 1035 1632 1087 ποῖον
1686 1023 1885 1107 μέρος
1946 1023 2047 1088 δεῖ
2097 1021 2477 1108 χρήσασθαι
2519 1027 2601 1107 τῇ
2648 1028 2888 1108 σφαγῇ.

641 1132 732 1190 Ita
775 1130 959 1205 igitur
1003 1131 1341 1207 Aeschylus
1387 1151 1509 1190 rem
1556 1132 1826 1208 instituit,
1872 1135 1937 1191 ut
1967 1151 2076 1208 per
2106 1133 2348 1208 longum
2378 1137 2615 1209 tempus
2664 1132 2891 1194 frustra

643 1232 800 1292 Aiax
843 1232 1044 1308 gladio
1094 1251 1156 1293 se
1203 1234 1477 1293 occidere
1511 1239 1853 1311 conaretur,
1897 1253 2029 1294 cum
2062 1252 2284 1310 corpus
2316 1235 2533 1294 vulnus
2566 1241 2891 1314 respueret.

645 1334 875 1409 Quodsi
935 1337 992 1396 in
1058 1337 1291 1414 pictura
1337 1335 1655 1410 Etrusca¹)
1701 1339 1902 1397 Aiacis
1960 1338 2075 1396 iam
2134 1341 2323 1397 morte
2367 1337 2627 1398 defuncti
2676 1358 2892 1414 corpus

639 1439 914 1500 videmus
959 1440 1365 1517 compluribus
1410 1441 1631 1500 ictuum
1679 1441 1837 1501 notis
1883 1441 2157 1500 affectum
2214 1459 2411 1517 nequo
2472 1461 2591 1502 uno
2638 1443 2889 1503 vulnere

643 1549 1043 1613 cruentatum,
1105 1548 1358 1621 apparet
1415 1544 1704 1620 pictorem
1767 1543 1881 1603 hoc
1941 1543 2115 1604 modo
2180 1561 2384 1603 cassos
2443 1543 2578 1603 illos
2641 1549 2889 1605 conatus

643 1645 983 1721 significare
1029 1646 1284 1706 voluisse
1331 1652 1391 1706 et
1434 1646 1806 1706 adsentimus
1852 1646 2305 1722 Heydemanno,
2352 1646 2469 1723 qui
2497 1646 2575 1706 ad
2622 1647 2889 1725 Aeschy-

643 1749 773 1808 leae
821 1749 1056 1809 fabulae
1103 1748 1276 1808 fidem
1325 1751 1620 1826 picturam
1670 1749 1923 1809 effictam
1972 1767 2104 1810 esse
2150 1749 2457 1810 contendit
2503 1744 2630 1812 (1.1.
2662 1745 2780 1826 61).

813 1851 1046 1912 Deinde
1109 1853 1168 1911 in
1213 1853 1501 1929 amphora
1547 1851 2008 1925 Palermitana2)
2054 1852 2209 1912 Aiax
2252 1857 2391 1912 ante
2437 1853 2665 1913 ferrum
2710 1854 2889 1914 humo

641 1955 888 2015 infixum
935 1955 1206 2014 consistit
1251 1973 1446 2014 coram
1496 1955 1795 2031 Minerva,
1856 1973 2009 2030 quae
2064 1955 2237 2014 arieti
2284 1955 2483 2015 occiso
2526 1954 2741 2032 pedem
2786 1958 2887 2015 im-

642 2057 830 2133 ponit.
916 2056 1008 2115 Ab
1065 2057 1254 2117 altera
1315 2060 1484 2132 parte
1533 2056 1801 2130 Charon,
1857 2057 2097 2132 qualem
2157 2056 2416 2117 artifices
2462 2057 2699 2116 Etrusci
2753 2075 2888 2117 eum

641 2160 868 2236 fingere
929 2160 1153 2237 solent,
1211 2161 1674 2237 appropinquat.
1763 2160 2119 2230 Minervam,
2179 2177 2332 2234 quae
2395 2177 2525 2218 cum
2589 2159 2664 2218 ab
2708 2159 2890 2220 Aiace

641 2263 1032 2323 animadverti
1080 2282 1197 2323 non
1243 2262 1536 2336 videatur,
1579 2262 1897 2322 invisibilis
1942 2281 2075 2322 esse
2122 2263 2325 2340 debet,
2369 2261 2750 2339 ad'priorem
2801 2263 2891 2323 fa·-

643 2367 818 2428 bulao
883 2370 1112 2443 partem
1182 2370 1456 2442 spectare
1523 2366 1857 2442 eodemque
1925 2366 2198 2442 arietem,
2274 2384 2454 2424 unum
2522 2366 2750 2426 seilicet
2814 2386 2891 2426 ex

643 2468 976 2547 pecudibus
1033 2469 1106 2528 ab
1152 2469 1334 2528 Aiace
1394 2469 1630 2528 furente
1692 2469 1902 2528 occisis
1962 2470 2265 2543 respicere
2326 2486 2444 2527 non
2508 2468 2635 2527 sine
2682 2468 2889 2545 proba-

641 2573 870 2632 bilitate
913 2573 1120 2632 statuit
1164 2572 1650 2649 Heydemannus.
1740 2572 1887 2631 Tum
1938 2588 2081 2629 vero
2124 2587 2375 2630 'necesse
2422 2577 2512 2630 est
2556 2571 2886 2632 Charonem

642 2677 703 2735 in
747 2676 862 2735 hac
906 2675 1141 2752 pictura
1187 2675 1454 2734 mulieris
1501 2675 1662 2734 illius
1703 2674 1867 2733 vices
1913 2692 2145 2750 gerere,
2190 2692 2343 2750 quae
2374 2675 2545 2733 Aiaci
2578 2674 2731 2732 illam
2765 2691 2891 2734 cor·

639 2779 803 2856 poris
847 2782 1077 2855 partem
1125 2776 1367 2854 indicat,
1431 2795 1587 2854 quae
1633 2778 1854 2836 vulnus
1916 2775 2224 2853 suscipere
2270 2777 2471 2852 possit.
2560 2777 2691 2836 Hoc
2736 2777 2891 2836 enim

642 2882 774 2958 ipsa
837 2879 1191 2940 scholiastae
1250 2880 1432 2940 verba
1497 2880 1716 2940 docent
1776 2879 2146 2956 Aeschylum
2208 2879 2523 2955 scripsisse
2583 2871 2753 2957 πρὶν
2814 2868 2894 2957 δὴ

643 2979 957 3060 παροῦσα
1001 2977 1260 3060 δαίμων
1320 3001 1516 3060 nequo
1561 2982 1737 3042 video
1798 2999 1918 3058 quo
1982 2983 2111 3040 iure
2158 2981 2568 3041 Weckleinius
2614 2980 2891 3042 traditam

639 3087 952 3146 lectionem
999 3086 1059 3144 in
1107 3081 1270 3165 πρὶν
1317 3075 1398 3167 δὴ
1434 3075 1684 3162 ’παρών
1727 3101 1829 3155 τις
1875 3070 2218 3161 δαιμόνων
2280 3088 2510 3143 mutare
2572 3101 2751 3143 ausus
2796 3085 2891 3143 sit.

645 3191 934 3248 Nimirum
1001 3208 1189 3267 usque
1249 3189 1322 3248 ad
1381 3184 1695 3264 παροῦσα
1756 3181 2012 3265 δαίμων
2072 3187 2203 3263 ipsa
2262 3187 2443 3247 verba
2511 3191 2725 3262 poetae
2791 3186 2891 3246 ad-

645 3293 1014 3366 scribuntur,
1073 3296 1198 3351 tum
1245 3295 1441 3351 autem
1489 3290 1763 3350 clausula
1807 3289 2099 3348 enuntiati
2146 3292 2350 3364 aperte
2398 3289 2489 3348 his
2535 3290 2735 3355 verbis
2781 3289 2891 3348 cir·

645 3395 1061 3454 cumscribitur
1106 3383 1352 3468 ἔδειξεν
1395 3377 1585 3471 αὐτῷ
1631 3381 1805 3450 κατὰ
1848 3395 2055 3450 ποῖον
2104 3385 2303 3468 μέρος
2364 3385 2468 3449 δεῖ
2518 3379 2894 3472 χρήσασθαι

641 3493 723 3573 τῇ
769 3493 1007 3574 σφαγῇ.
1083 3496 1151 3555 Id
1196 3496 1358 3572 quod
1390 3496 1488 3555 vel
1520 3497 1715 3572 ipsum
1748 3495 2155 3554 Hermannum
2193 3493 2424 3570 fefellit,
2470 3495 2571 3570 qui
2602 3499 2667 3553 ut
2697 3513 2892 3570 nuper

647 3600 1058 3662 Weckleiuius
1105 3591 1349 3674 ἔδειξεν
1396 3583 1586 3678 αὐτῷ
1632 3599 1915 3675 Aeschyli
1978 3599 2163 3657 verba
2216 3616 2349 3657 esse
2393 3601 2561 3656 ratus
2606 3598 2689 3656 ita
2732 3596 2891 3673 frag-

647 3708 908 3764 mentum
955 3704 1274 3763 restituere
1320 3706 1569 3763 conatus
1615 3706 1733 3761 est:

951 3817 1114 3900 πρὶν
1161 3812 1241 3900 δὴ
1284 3818 1595 3898 παροῦσα
1641 3811 1985 3899 δαιμόνων
2028 3838 2130 3890 τις
2174 3804 2525 3896 εὐφρόνως

953 3917 1200 3999 ἔδειξεν
1242 3910 1430 4004 αὐτῷ

647 4045 933 4107 feminino
967 4051 1160 4104 tamen
1193 4063 1435 4121 genere,
1468 4048 1533 4103 ut
1566 4043 1835 4121 decebat,
1877 4047 2249 4103 conservato.
2308 4042 2439 4101 Dea
2467 4041 2569 4101 illa
2600 4059 2892 4117 quaenam

648 4150 830 4209 fuerit
877 4148 1108 4208 nescire
1154 4165 1264 4208 nos
1308 4166 1450 4207 sane
1499 4146 1821 4207 dolendum
1866 4152 1985 4220 est;
2029 4151 2091 4206 at
2136 4164 2244 4206 cur
2290 4145 2625 4204 nesciamus
2656 4147 2756 4203 aut
2787 4162 2894 4203 cur

662 4410 668 4415 ,
821 4346 861 4414 ¹)
907 4347 1188 4413 Expressa
1233 4345 1289 4399 in
1336 4345 1479 4399 Mon.
1521 4345 1574 4398 d.
1599 4344 1734 4398 Inst.
1758 4343 1868 4399 118
1888 4346 1937 4398 A
1988 4350 2045 4400 et
2088 4344 2237 4413 apud
2273 4341 2581 4409 Overbeck,
2616 4339 2759 4396 Gall.
2781 4341 2894 4396 her.

649 4431 962 4488 Bildwerke
981 4431 1168 4486 XXIV
1198 4439 1244 4486 2.
1335 4432 1380 4499 ²)
1401 4430 1468 4487 cf.
1485 4429 1848 4520 Heydemann
1867 4431 1923 4483 in
1940 4430 2125 4488 Diario
2145 4428 2563 4496 archaeologico
2586 4431 2709 4484 1871
2735 4443 2791 4498 p.
2810 4431 2893 4484 46.
