3309 5292
2599 413 2729 471 113

489 583 726 657 eminet,
771 583 830 642 iu
877 582 1126 643 dextera
1171 601 1347 643 manu
1393 583 1716 660 scipionem
1762 583 1935 660 gerit.
2022 583 2194 643 Oruri
2240 582 2478 643 sinistro
2522 583 2729 644 vincu-

489 685 612 745 lum
658 685 1098 744 circumiectum
1145 689 1235 744 est
1279 689 1492 746 catena
1517 686 1653 762 rupi
1684 684 1943 746 affixum.
2030 685 2383 746 Braccbium
2428 686 2729 747 sinistrum

491 788 826 864 Vulcanus,
883 787 1056 847 cuius
1101 796 1286 866 caput
1329 788 1450 868 pilo
1497 791 1721 848 tectum
1768 792 1888 862 est,
1940 789 2217 860 sustinet,
2271 794 2338 849 ut
2379 788 2441 848 id
2486 807 2730 866 quoque

494 890 570 949 ad
615 909 823 967 rupem
879 888 1124 966 adliget.
1211 889 1369 966 Quin
1425 890 1503 950 ad
1557 892 1747 968 ipsam
1800 890 2085 968 Aeschyli
2144 890 2407 951 fabulam
2462 891 2729 968 scalptor

494 995 856 1070 spectavorIt
914 992 1174 1054 dubitari
1228 1011 1346 1054 non
1405 998 1632 1071 potest,
1692 1012 1823 1054 cum
1885 998 2025 1054 ante
2079 994 2443 1072 Aeschylum
2497 995 2728 1056 nullum

494 1099 732 1174 poe'tam
778 1097 1022 1158 titanem
1076 1096 1214 1172 rupi
1270 1096 1516 1156 affixum
1569 1095 1815 1156 finxisse
1871 1102 2119 1156 constet.
2207 1098 2519 1158 Vinculum
2566 1098 2727 1157 cruri

492 1200 932 1260 circumiectum
957 1203 1380 1259 commemorat
1397 1199 1736 1276 Aeschylus
1760 1217 1940 1260 versu
1960 1203 2040 1261 74
2068 1193 2270 1279 σκέλη
2294 1193 2367 1258 δὲ
2390 1193 2731 1277 κίρκωσον

489 1294 618 1381 βίᾳ.
710 1300 1014 1360 Placidum
1064 1301 1315 1362 Vulcani
1363 1302 1591 1362 vultum
1651 1319 1762 1362 suo
1814 1301 1945 1362 iure
1989 1303 2445 1380 Furtwaengler
2499 1303 2729 1364 rettulit

489 1403 568 1464 ad
615 1405 804 1464 verba

897 1509 1155 1582 ἄκοντά
1201 1507 1260 1582 σ’
1309 1511 1495 1581 ἄκων
1542 1514 1895 1594 δυσλύτοις
1933 1514 2338 1604 χαλκεύμασι

893 1617 1521 1705 προσπασσαλεύσω
1563 1614 1724 1704 τῷδ’
1768 1613 2217 1707 ἀπανθρώπῳ
2258 1619 2472 1708 τόπῳ.

491 1761 804 1840 Sceptrum
850 1763 1012 1841 quod
1061 1765 1118 1823 in
1167 1781 1388 1824 scaena
1429 1763 1578 1824 titan
1625 1765 1884 1841 gessisse
1929 1785 2050 1826 non
2095 1771 2319 1844 potest,
2364 1767 2520 1827 idem
2566 1774 2729 1830 recte

491 1871 737 1927 excusat
780 1885 857 1926 ex
901 1867 1241 1928 Promethei
1285 1866 1448 1944 apud
1493 1867 1723 1927 Atticos
1772 1867 1951 1946 cultu,
1994 1871 2153 1929 vasis
2199 1871 2508 1931 cuiusdam
2546 1871 2725 1932 Attici

491 1968 673 2042 (Mon.
719 1968 776 2029 d.
822 1971 962 2030 Inst.
993 1972 1046 2032 V
1079 1973 1182 2064 35)
1228 1971 1566 2030 testimonio
1611 1970 1863 2032 adiecto.

663 2175 916 2235 Ventum
973 2179 1063 2234 est
1123 2175 1197 2234 ad
1253 2193 1324 2235 ea
1377 2181 1793 2254 monumenta,
1852 2195 2008 2253 quae
2062 2176 2138 2238 de
2196 2177 2412 2241 fabulis
2473 2179 2727 2256 perditis

490 2277 754 2355 pendere
800 2277 1096 2337 videntur.
1182 2279 1383 2355 Atque
1442 2297 1593 2356 quae
1652 2279 1729 2338 ad
1796 2272 2118 2340 Pentheum
2179 2286 2483 2359 spectant,
2542 2303 2614 2344 ea
2666 2285 2725 2344 in

491 2381 643 2441 duas
689 2381 910 2441 classes
954 2381 1052 2440 vel
1095 2382 1284 2458 primo
1333 2382 1541 2442 obtuto
1580 2382 1950 2443 dlviduntur.
2034 2385 2239 2444 Altera
2284 2404 2439 2460 quac
2483 2392 2727 2463 praeter

490 2483 739 2544 Romani
797 2485 1084 2560 temporis
1151 2503 1336 2561 opera
1393 2485 1628 2546 Atticae
1696 2485 1958 2547 fabricae
2020 2491 2249 2547 tantum
2313 2489 2729 2566 complectitur

465 2575 652 2663 'vasa,
695 2587 884 2665 ipsam
929 2592 1178 2646 mortem
1225 2588 1384 2664 regis
1415 2588 1673 2660 exhibet,
1719 2590 1822 2666 qui
1856 2589 2052 2649 nudus
2083 2591 2321 2651 inermis
2352 2611 2388 2651 a
2418 2592 2730 2652 comitibus

491 2689 808 2749 destitutus
840 2708 876 2748 a
908 2689 1295 2750 maenadibus
1341 2689 1718 2750 dilaceratur.
1783 2693 1852 2752 In
1884 2692 2071 2752 altera
2094 2693 2398 2754 Pentheus
2429 2696 2729 2755 calceatus

490 2792 793 2868 pallioque
853 2791 1096 2852 indutus
1156 2811 1288 2852 cum
1344 2793 1549 2871 gladio
1611 2794 1875 2854 hastisve
1936 2813 1998 2854 se
2053 2815 2089 2855 a
2142 2796 2362 2855 Bacchi
2418 2797 2731 2858 comitibus

491 2893 774 2953 defendit.
863 2895 1090 2953 Prioris
1135 2896 1376 2970 generis
1424 2901 1802 2956 monumenta
1850 2899 1961 2957 etsi
2005 2916 2116 2975 pro
2162 2897 2484 2975 figurarum
2532 2901 2729 2960 simili-

489 2995 696 3057 tudine
740 2997 814 3056 ad
863 2997 1112 3057 eandem
1146 2997 1408 3058 fabulam
1443 3001 1640 3058 omnia
1671 3001 1971 3075 pertinere
2005 3000 2303 3072 videntur,
2347 2999 2423 3061 ad
2457 3002 2728 3080 dispares

489 3104 685 3160 tamen
732 3101 1106 3161 narrationes
1141 3105 1417 3178 spectare
1448 3102 1673 3163 Paulus
1702 3103 1975 3182 Hartwig
1996 3101 2039 3176 ¹)
2085 3103 2396 3166 intellexIt.
2482 3105 2552 3165 In
2584 3123 2728 3166 vase

490 3203 642 3262 enim
696 3203 855 3262 baud
904 3205 1161 3281 integro,
1204 3204 1368 3281 quod
1399 3204 1725 3281 Pampbaei
1770 3208 1957 3288 artem
1992 3206 2243 3285 redolet,
2288 3206 2390 3266 uni
2423 3225 2497 3267 ex
2528 3209 2727 3269 mulie-

488 3306 671 3384 ribus,
715 3325 872 3382 quae
917 3324 1118 3383 regem
1166 3305 1520 3384 dilacerant,
1567 3327 1782 3368 nomen
1829 3299 2107 3388 Γαλήνη
2154 3309 2520 3388 adscriptum
2567 3311 2727 3385 est.2)

487 3411 778 3485 Reliquae
843 3411 1118 3470 mulieres
1178 3417 1246 3470 ut
1304 3411 1543 3488 quidem
1607 3431 1770 3472 nunc
1835 3413 2071 3489 pictura
2136 3419 2331 3473 exstat
2392 3415 2729 3476 nominibus

489 3516 713 3572 carent.
814 3511 988 3586 Quod
1050 3532 1194 3573 vero
1253 3533 1467 3574 nomen
1514 3503 1804 3594 Fahjvn]
1848 3515 2004 3575 inter
2065 3515 2418 3576 maenadum
2486 3519 2728 3577 nomina

489 3633 608 3674 non
655 3614 983 3675 inauditum
1005 3612 1054 3688 3)
1101 3615 1177 3675 ad
1208 3615 1410 3677 Cadmi
1456 3617 1606 3676 filias
1649 3618 1886 3676 minime
1918 3618 2191 3696 quadrat,
2234 3638 2342 3679 suo
2388 3619 2518 3680 iure
2550 3621 2727 3680 Hart-

487 3717 680 3794 wigus
724 3718 934 3777 statuit
977 3719 1259 3796 pictorem
1308 3719 1553 3796 Agaues
1601 3719 1834 3780 facinus
1880 3721 2120 3780 omnino
2166 3723 2510 3798 nescivisse,
2556 3723 2727 3782 Euri·

488 3819 683 3896 pidem
731 3821 988 3896 primum
1033 3839 1152 3881 non
1199 3840 1235 3880 a
1279 3821 1644 3898 quibuslibet
1689 3822 2079 3883 maenadibus
2124 3823 2229 3883 sed
2276 3825 2352 3884 ab
2380 3824 2511 3901 ipsa
2543 3831 2727 3886 matre

489 3921 874 3982 dilaceratum
932 3941 1134 3999 regem
1191 3922 1568 3984 indicavisse.
1665 3923 1762 3984 Ad
1821 3926 2215 4002 antiquiorem
2277 3927 2431 3986 hanc
2490 3926 2727 3986 fabulae

486 4023 733 4083 formam
780 4023 1098 4084 referenda
1161 4031 1301 4085 sunt
1359 4032 1598 4103 praeter
1643 4014 2115 4104 antiquissimum
2176 4029 2326 4089 illud
2385 4031 2727 4107 exemplum

661 4205 700 4275 ¹)
737 4206 800 4260 In
837 4206 1124 4262 annalibus
1159 4208 1395 4278 instit-uti
1430 4208 1830 4279 archaeologici
1860 4211 1968 4267 VII
2008 4216 2137 4266 1892
2173 4229 2225 4280 p.
2250 4216 2435 4267 153513.
2540 4214 2585 4281 ²)
2621 4212 2726 4267 De-

485 4291 795 4346 lineandum
815 4291 951 4346 illud
971 4293 1181 4346 curavit
1198 4293 1512 4362 Hartwigus
1531 4294 1565 4348 l.
1591 4311 1640 4348 c.
1660 4296 1769 4350 tab.
1790 4301 1872 4350 45.
1942 4298 1987 4364 ³)
2025 4296 2341 4366 Hartwigus
2360 4295 2516 4352 affert
2544 4314 2724 4353 exem-

485 4376 636 4445 plum
673 4394 995 4446 expressum
1031 4379 1180 4447 apud
1215 4379 1516 4450 Millingen,
1551 4382 1730 4438 Vases
1754 4381 1969 4450 Gogbill
2002 4382 2075 4450 pl.
2101 4381 2249 4438 XIX.
