3309 5292
2546 415 2663 472 151

434 601 489 659 p.
526 586 664 662 143,
697 589 732 644 2
789 583 931 656 „das
963 583 1158 644 Relief
1198 585 1367 644 eines
1398 583 1779 660 Goldringes‚
1822 584 2081 644 welches
2129 583 2242 642 den
2274 582 2477 644 seinen
2510 579 2672 642 Sohn

436 685 540 745 mit
584 685 692 744 der
735 686 858 746 Axt
899 686 1186 746 totenden
1232 685 1555 762 Lykurgos
1603 683 1927 745 darstellt.“

606 789 674 847 ln
734 788 1022 865 amphora
1081 806 1408 848 marmorea
1468 788 1698 849 Gorsini
1744 786 1820 861 (Ι)
1864 817 1948 828 --
1993 787 2134 848 Gori
2190 789 2339 846 Mus.
2371 788 2604 847 Etrusc.
2647 788 2674 847 I

442 895 543 962 153
611 891 808 968 Zoega
853 891 887 949 l.
917 908 966 950 c.
1012 891 1068 948 II
1113 894 1179 968 63
1245 890 1528 952 Welcker
1585 889 1807 951 Antike
1867 889 2238 950 Denkmaler
2294 890 2351 950 11
2398 893 2464 967 3,
2494 894 2530 951 8
2591 919 2675 928 —-

435 985 751 1072 Lycurgus
805 995 960 1054 inter
1003 1012 1280 1070 magnum
1329 1012 1637 1054 numerum
1686 995 1984 1054 ebriorum
2030 993 2428 1054 bacchantum
2474 992 2675 1068 gladio

439 1098 608 1157 uxori
655 1097 854 1174 instat,
899 1115 1054 1173 quae
1101 1097 1176 1156 ad
1223 1101 1476 1158 statuam
1523 1096 1819 1173 Apollinis
1864 1096 2073 1173 puerili
2116 1095 2434 1156 admodum
2479 1099 2676 1156 aetate

437 1198 618 1258 efficti
663 1197 836 1275 fugit.

605 1302 885 1379 Denique
945 1303 1356 1380 sarcophagus
1415 1303 1714 1361 Romanus
1776 1302 2136 1362 Matteianus
2196 1300 2296 1375 (L)
2356 1332 2440 1340 -
2493 1303 2677 1362 Matz-

435 1403 613 1462 Duhn
663 1407 827 1465 2269
873 1435 958 1444 —
1003 1403 1266 1479 reginam
1314 1404 1387 1463 ab
1432 1404 1642 1463 insano
1691 1403 1946 1481 coniuge
1994 1409 2263 1464 necatam
2311 1403 2553 1464 exhibet
2583 1402 2679 1465 vel

436 1507 634 1584 potius
679 1507 817 1566 olim
864 1506 1155 1582 exhibuit3
1205 1525 1338 1564 nam
1387 1524 1547 1564 nunc
1593 1504 1831 1581 quidem
1879 1507 2087 1582 regina
2132 1505 2193 1564 in
2229 1507 2485 1581 imagine
2517 1506 2675 1566 haud

436 1610 669 1686 integra
722 1628 842 1669 non
888 1611 1099 1669 exstat.
1186 1607 1592 1667 Reficiendum
1641 1609 1913 1668 nimirum
1960 1626 2111 1686 opus
2157 1612 2248 1668 est
2291 1608 2366 1668 ad
2415 1609 2677 1686 speciem

437 1711 789 1788 sarcophagi
836 1711 1228 1786 Borghesiani
1275 1708 1496 1787 (Zoega
1544 1710 2033 1788 Abhandlungen
2082 1712 2133 1782 1;
2179 1711 2446 1771 Roscher
2492 1712 2681 1787 Myth.

437 1815 582 1875 Lex.
627 1835 683 1892 p.
717 1819 880 1876 2201
915 1812 1013 1892 s),
1057 1815 1116 1874 in
1164 1832 1282 1890 quo
1329 1815 1651 1891 Lycurgus
1697 1833 1733 1873 a
1778 1814 1948 1874 furiis
1992 1814 2258 1875 irritatus
2304 1815 2679 1875 Ambrosiam

436 1918 674 1996 bipenni
722 1921 1044 1977 necaturus
1084 1921 1190 1989 est,
1235 1917 1374 1976 dum
1408 1918 1558 1976 vites
1588 1917 1756 1977 iuxta
1788 1935 1915 1976 eam
1948 1918 2280 1994 prosiliunt.
2372 1918 2438 1976 ln
2472 1922 2679 1978 nostro

436 2039 620 2098 opere
679 2040 798 2081 non
844 2020 1216 2081 Ambrosiam
1278 2020 1382 2080 sed
1443 2018 1711 2096 reginam
1772 2019 2097 2080 desiderari
2154 2019 2369 2080 filiolus
2414 2020 2678 2097 Lycurgi

439 2122 641 2200 docet,
688 2123 789 2200 qui
835 2141 1035 2200 genua
1080 2123 1266 2201 patris
1313 2123 1626 2200 amplexus
1672 2141 1708 2182 a
1754 2123 1956 2183 matris
2001 2141 2151 2183 nece
2198 2141 2333 2182 eum
2378 2123 2680 2182 abstinere

437 2230 702 2285 conatur.

608 2329 807 2388 Primo
853 2328 1062 2388 obtutu
1107 2328 1253 2388 satis
1300 2327 1538 2388 diversa
1583 2329 1733 2388 haec
1778 2331 2161 2389 monumenta
2207 2345 2334 2387 esse
2380 2326 2682 2406 videntur,

439 2434 505 2490 ut
552 2431 644 2490 vel
691 2449 828 2490 num
877 2429 951 2489 ad
1001 2431 1248 2491 eandem
1295 2430 1533 2491 fabulae
1580 2429 1829 2491 formam
1877 2449 1948 2490 ea
1992 2429 2304 2490 referenda
2348 2431 2469 2490 sint
2513 2429 2681 2490 dubi-

437 2535 548 2593 tari
615 2535 820 2609 possit.
929 2533 1105 2594 Certe
1172 2533 1412 2594 diversa
1477 2533 1698 2594 furoris
1764 2537 2060 2594 momenta
2127 2534 2188 2592 in
2248 2534 2332 2593 eis
2394 2533 2682 2604 videmus,

438 2653 570 2693 nam
618 2635 675 2694 in
724 2634 768 2694 C
816 2638 876 2694 et
919 2635 973 2693 D
1004 2635 1327 2712 Lycurgus
1373 2634 1556 2695 filium
1605 2637 1719 2695 iam
1768 2637 2023 2713 necavit,
2068 2653 2313 2695 uxorem
2362 2639 2683 2696 necaturus

437 2740 551 2806 est;
612 2737 670 2796 in
735 2739 786 2796 A
849 2724 1033 2796 fllium
1097 2738 1338 2809 occidit,
1400 2739 1539 2798 dum
1600 2738 1810 2798 mulier
1868 2738 2159 2815 quaedam
2224 2737 2455 2816 effugit3
2516 2738 2577 2796 in
2633 2738 2682 2796 F

442 2858 686 2900 uxorem
732 2840 808 2898 ad
856 2839 1002 2901 deae
1047 2841 1426 2900 simulacrum
1475 2843 1859 2918 effugientem
1907 2842 2141 2917 occidit,
2191 2841 2252 2901 in
2297 2842 2346 2900 Ε
2393 2845 2681 2901 mortuam

440 2944 499 3002 in
545 2943 839 3002 bracchiis
885 2943 1162 3013 sustinet3
1226 2945 1284 3002 in
1339 2945 1380 3002 Β
1428 2944 1697 3004 facinore
1745 2945 1857 3003 iam
1904 2944 2179 3005 confecto
2225 2942 2389 3004 foras
2433 2961 2497 3005 se
2543 2962 2683 3020 pro-

441 3044 599 3122 ripit.
687 3045 756 3104 In
803 3046 852 3104 E
899 3048 959 3104 et
1005 3046 1052 3104 F
1097 3044 1493 3116 filinsxdeest3
1555 3046 1763 3115 sedjn
1810 3052 2091 3123 promptu
2136 3045 2547 3123 interpretatio
2594 3049 2685 3108 est

443 3166 576 3208 eum
630 3149 743 3207 iam
791 3149 1050 3208 occisum
1099 3153 1158 3208 et
1203 3167 1238 3206 a
1283 3149 1474 3208 servis
1517 3148 1775 3209 ablatum
1824 3167 1983 3226 esse,
2042 3149 2101 3208 id
2148 3149 2309 3224 quod
2356 3149 2415 3208 in
2464 3148 2508 3209 G
2553 3147 2682 3208 fieri

441 3249 729 3310 videmus.
815 3251 1047 3328 Regina
1093 3250 1152 3310 in
1199 3251 1236 3312 S
1283 3256 1342 3311 et
1380 3252 1436 3310 H
1480 3257 1730 3330 propter
1773 3253 1946 3330 spatii
1994 3252 2419 3329 angustitatem
2466 3251 2686 3311 omissa

443 3357 558 3422 est;
604 3353 816 3412 mulier
860 3354 920 3412 in
965 3353 1019 3411 A
1067 3373 1203 3412 num
1251 3354 1460 3430 regina
1506 3355 1580 3415 sit
1623 3373 1701 3414 an
1745 3355 1946 3431 potius
1978 3354 2357 3432 canephoras
2388 3352 2683 3430 quaedam

443 3453 602 3514 infra
649 3455 1089 3533 perscrutabor.
1177 3457 1449 3534 Apparet
1494 3457 1679 3532 igitur
1725 3475 1929 3516 omnes
1976 3475 2125 3534 quas
2169 3456 2367 3517 adhuc
2408 3457 2684 3516 enarravi

443 3555 876 3634 discrepantias
933 3559 1218 3635 temporis
1278 3557 1616 3618 discrimine
1680 3557 1852 3618 facile
1914 3560 2189 3619 excusari
2251 3576 2426 3635 posse
2488 3576 2685 3636 neque

443 3659 605 3736 quod
652 3661 711 3719 in
757 3660 805 3719 F
852 3660 1130 3736 Gotyttus
1176 3661 1570 3736 simulacrum,
1613 3662 1674 3720 in
1721 3661 2079 3739 IApollinis
2112 3666 2366 3723 statuam
2398 3661 2689 3739 videmus,

444 3761 663 3833 obstat,
727 3763 869 3838 quin
930 3768 1315 3823 monumenta
1373 3763 1446 3822 ad
1496 3762 1747 3823 eandem
1794 3764 2083 3841 originem
2131 3763 2479 3825 referamus.
2566 3763 2686 3824 Sed

425 3866 766 3926 ,levioribus
812 3867 904 3926 his
949 3867 1301 3927 differentiis
1332 3869 1769 3944 praetermissis
1800 3887 1953 3944 quae
1987 3869 2325 3928 communia
2357 3874 2498 3928 sunt
2528 3868 2686 3928 vasis

443 3999 528 4008 —
572 3987 710 4028 nam
758 3969 964 4028 missos
1009 3969 1166 4030 facio
1209 3970 1285 4028 ad
1334 3973 1568 4046 tempus
1613 3971 2019 4047 sarcophagos
2063 4002 2149 4010 —
2191 3972 2337 4032 satis
2384 3972 2572 4031 multa
2612 3990 2684 4031 ac

443 4073 654 4148 gravia
709 4071 1118 4133 inveniuntur.
1218 4075 1410 4149 Atque
1469 4073 1721 4150 primum
1787 4073 2021 4150 quidem
2081 4074 2261 4134 filium
2308 4074 2579 4134 videmus
2622 4075 2683 4132 in

443 4173 718 4233 omnibus
765 4174 921 4233 vasis
967 4179 1105 4234 ante
1152 4178 1398 4234 matrem
1446 4169 1677 4246 necari3
1724 4176 1975 4252 Lyssam
2021 4196 2056 4235 a
2096 4177 2259 4236 caelo
2291 4177 2593 4253 delapsam
2627 4177 2685 4234 in

445 4275 565 4335 AC
593 4277 644 4334 D
689 4293 891 4356 regem
940 4276 1229 4351 instigare
1275 4307 1355 4316 -—
1404 4296 1535 4336 nam
1586 4277 1891 4338 mulierem
1938 4279 1996 4337 in
2044 4282 2202 4338 tecto
2247 4279 2306 4337 in
2346 4279 2399 4338 A
2432 4279 2685 4356 Lyssam

448 4395 579 4437 esse
625 4377 870 4454 reliquis
905 4379 1298 4439 monumentis
1332 4380 1560 4440 collatis
1591 4384 1754 4458 patet
1782 4412 1883 4458 —‚
1932 4381 2274 4458 Lycurgum
2308 4382 2581 4458 denique,
2626 4379 2688 4439 id
