3309 5292
2559 404 2679 463 131

1157 572 1272 638 καὶ
1316 565 1564 656 δόμους
1600 565 1951 656 Ἀμφίονος

748 671 1250 741 καταιθαλώσω
1293 671 1748 758 πυρφόροισιν
1790 673 2108 753 aestuas)

449 802 796 862 Haeserunt
861 801 1101 878 quidem
1169 802 1228 862 in
1294 791 1825 880 καταιθαλώσω,
1890 821 2025 860 cum
2091 803 2299 862 Jovem
2367 801 2559 877 ipsum
2629 800 2688 858 in

446 921 722 964 scaenam
769 922 1152 981 progressum
1201 923 1330 966 esse
1377 911 1686 982 negarent.
1774 903 1891 964 Sed
1936 910 2099 964 recte
2143 906 2525 964 Hei-mannus
2571 922 2691 963 mo-

449 1009 579 1067 nuit
623 1008 858 1066 minime
904 1025 1149 1068 necesse
1197 1027 1328 1068 6886
1367 1010 1524 1070 hanc
1554 1011 1722 1070 verbi
1756 1008 2001 1069 formam
2034 1007 2335 1083 Aeschylo
2369 1006 2690 1077 vindicare,

449 1128 580 1169 cnm
612 1109 1001 1186 Aristophani
1034 1111 1095 1170 hi
1127 1130 1339 1172 versus
1369 1111 1715 1188 debeantur,
1762 1112 1865 1188 qui
1908 1111 1969 1170 in
2002 1129 2173 1170 suum
2208 1129 2372 1170 usum
2407 1109 2692 1186 Aeschyli

450 1213 631 1272 verba
677 1218 908 1272 mutare
951 1216 1231 1291 potuerit.
1305 1215 1463 1276 Sane
1506 1216 1735 1286 Jovem,
1796 1233 1931 1274 cum
1974 1214 2216 1274 fulmine
2263 1216 2420 1272 esset
2464 1212 2689 1289 regiam

449 1315 878 1388 exstincturus,
941 1316 1014 1375 de
1079 1317 1189 1376 hac
1251 1335 1316 1376 re
1377 1322 1556 1377 antea
1601 1335 1803 1393 regem
1851 1317 2163 1376 certiorem
2210 1315 2420 1376 fecisse
2464 1315 2689 1374 nullam

445 1417 624 1477 habet
666 1419 922 1494 speciem
971 1419 1253 1479 veritatis.
1342 1419 1585 1480 Conicio
1631 1420 1819 1497 igitur
1861 1418 2025 1494 apud
2073 1419 2436 1495 Aeschylum
2487 1434 2691 1494 κατῃ-

447 1510 714 1578 θάλωσε
771 1521 1056 1598 scriptum
1117 1520 1302 1581 fuisse
1363 1525 1422 1580 et
1481 1541 1553 1581 ex
1616 1522 1962 1582 narratione
2025 1520 2099 1580 de
2144 1520 2495 1597 Amphionis
2554 1519 2691 1579 fatis

446 1641 684 1682 versum
731 1623 1008 1683 haustum
1057 1642 1200 1684 esse.
1276 1625 1395 1684 Iam
1443 1624 1612 1685 vides
1660 1643 1766 1684 cur
1810 1624 2047 1685 domum
2094 1625 2317 1700 regiam
2365 1624 2423 1682 in
2471 1641 2690 1682 scaena

448 1730 830 1804 conspectam
876 1744 1006 1787 esse
1052 1745 1234 1804 supra
1279 1725 1695 1805 negaverim.²)

619 1829 894 1903 Quonam
939 1830 1166 1890 scelere
1198 1830 1497 1906 Amphion
1543 1832 1602 1890 in
1654 1831 1841 1908 patris
1886 1827 2031 1890 iram
2067 1829 2345 1890 inciderit
2374 1829 2689 1889 nescimus.

448 1933 514 1991 In
547 1932 828 2008 Minyade
858 1934 916 1992 in
949 1951 1154 1993 eorum
1201 1952 1446 1994 numero
1494 1938 1638 2010 erat,
1686 1936 1787 2010 qui
1832 1933 1994 2010 apud
2039 1933 2259 1993 inferos
2304 1934 2686 2010 peccatorum

444 2052 672 2110 poenas
716 2035 959 2096 solvunt
1003 2033 1282 2108 (Pausan.
1315 2037 1398 2096 IX
1423 2039 1478 2112 5,
1503 2033 1586 2108 8).
1674 2035 1920 2098 Ovidius
1982 2054 2089 2096 sua
2149 2054 2325 2096 manu
2373 2053 2505 2095 eum
2551 2033 2689 2094 fecit

445 2136 816 2198 occidentem
864 2139 1097 2198 Metam.
1128 2139 1208 2198 VI
1240 2140 1370 2199 271‘
2292 2119 2297 2124 ⁸

751 2259 906 2318 Nam
951 2263 1126 2335 pater
1173 2259 1466 2336 Amphion
1513 2258 1673 2320 ferro
1720 2278 1829 2337 per
1874 2263 2084 2336 pectus
2130 2255 2343 2318 adacto

749 2361 1017 2421 Finierat
1061 2363 1318 2421 moriens
1362 2363 1589 2440 pariter
1633 2380 1766 2422 cum
1815 2363 1949 2421 luce
1995 2361 2282 2422 dolorem.

444 2480 624 2559 Apud
669 2483 972 2559 Hyginum
1034 2484 1105 2543 ab
1151 2483 1429 2559 Apolline
1475 2484 1708 2560 sagittis
1751 2482 2121 2559 interficitur,
2165 2501 2299 2542 cum
2345 2461 2687 2542 liberis'ne-

445 2582 590 2643 catis
656 2585 942 2660 templum
1005 2586 1134 2644 eius
1193 2604 1545 2662 expugnare
1604 2586 1785 2646 audet
1844 2585 1980 2654 (fab.
2012 2584 2135 2658 IX).
2236 2587 2383 2645 Item
2440 2584 2685 2661 Apollo-

445 2686 628 2746 dorus
673 2686 863 2761 1115,
909 2691 945 2748 6
1015 2677 1340 2768 ἐτοξεύθη
1406 2682 1478 2747 δὲ
1542 2682 1657 2746 καὶ
1714 2673 2023 2766 Ἀμφίων.
2142 2686 2457 2761 Quomodo
2524 2686 2684 2762 apud

445 2789 805 2866 Aeschylum
853 2808 1010 2850 mors
1056 2791 1181 2850 eius
1224 2790 1363 2851 ficta
1407 2791 1601 2863 fuerit,
1645 2792 1937 2851 incertum
1983 2794 2099 2866 est3
2147 2810 2281 2850 nam
2328 2809 2447 2850 non
2494 2790 2682 2850 solum

443 2892 694 2967 regiam,
751 2892 854 2950 sed
901 2891 1092 2969 ipsum
1141 2911 1342 2969 regem
1389 2893 1630 2954 fulmine
1675 2895 1843 2954 Jovis
1888 2895 2069 2952 ictum
2116 2910 2247 2953 esse
2293 2910 2367 2953 ex
2413 2893 2685 2952 versibus

441 2993 635 3054 allatis
693 2993 930 3054 minime
991 2998 1380 3072 consequitur
1439 3014 1633 3073 neque
1679 2997 1805 3056 veri
1861 2996 2051 3056 simile
2099 2999 2189 3055 est
2234 2997 2439 3056 Jovem
2489 2995 2683 3071 ipsum

442 3095 624 3155 filium
687 3115 858 3157 suum
922 3100 1248 3158 necavisse.
1334 3101 1498 3158 Haec
1557 3103 1753 3159 tamen
1808 3104 2013 3159 nostro
2060 3099 2190 3158 iure
2236 3116 2469 3158 sumere
2514 3096 2684 3157 nobis

443 3199 714 3259 videmus
759 3204 818 3259 et
848 3200 1240 3276 Amphionem
1286 3201 1425 3260 inde
1470 3200 1544 3260 ab
1589 3202 1757 3261 initio
1804 3201 2045 3261 fabulae
2092 3205 2388 3260 mortuum
2434 3200 2578 3277 fingi
2626 3205 2685 3260 et

415 3301 650 3364 ‚Jovem
694 3302 906 3378 ipsum,
951 3321 1070 3362 non
1103 3302 1384 3363 Letoides
1429 3307 1678 3380 tantum,
1721 3303 2043 3381 perniciem
2074 3302 2311 3362 Tantali
2343 3301 2498 3362 filiae
2543 3322 2680 3363 con-

442 3403 671 3464 fecisse.
747 3404 922 3478 Quod
971 3408 1036 3464 ut
1065 3407 1306 3466 Tantali
1352 3405 1490 3465 fatis
1521 3407 1874 3484 Amphionis
1905 3407 2118 3466 similia
2148 3405 2416 3466 efficeret
2447 3411 2679 3482 poetam

439 3506 680 3566 finxisse
727 3509 1049 3568 verisimile
1096 3527 1225 3568 esse
1271 3509 1525 3569 videtur.
1617 3537 1622 3544 ·

607 3601 868 3670 Praeter
903 3611 1052 3671 haec
1097 3631 1134 3671 a
1162 3612 1354 3672 Niobe
1400 3613 1554 3690 patri
1603 3617 1848 3672 narrata
1892 3630 2013 3690 qua
2056 3613 2284 3672 ratione
2316 3612 2681 3690 colloquium

443 3712 679 3771 Tantali
727 3730 862 3772 cum
901 3711 1024 3772 filia
1053 3714 1415 3790 processerit
1446 3715 1791 3774 coniectura
1822 3718 2051 3774 tantum
2081 3715 2317 3792 assequi
2350 3731 2681 3790 possumus.

611 3929 656 3994 ¹)
689 3926 972 3995 Aristoph.
993 3928 1101 3983 Av.
1132 3933 1294 3984 1247:

543 4028 812 4083 ΠΕΙΣΘ.
850 4019 942 4099 ἆρ’
978 4021 1136 4084 οἶσθ’
1170 4021 1261 4086 ὅτι
1301 4027 1442 4096 Ζεὺς
1477 4023 1536 4085 εἴ
1560 4049 1636 4098 με
1672 4027 1912 4101 λυπήσει
1948 4026 2101 4102 πέρα

843 4111 1110 4187 μέλαθρα
1143 4114 1253 4184 μὲν
1289 4111 1467 4172 αὐτοῦ
1502 4113 1598 4171 καὶ
1632 4112 1845 4184 δόμους
1880 4111 2178 4186 Ἀμφίονος

844 4197 1274 4256 καταιθαλώσω
1311 4194 1701 4273 πυρφόροισιν
1736 4199 1977 4272 αἰετοῖς;

437 4301 528 4356 ubi
566 4307 728 4356 vetus
764 4302 1063 4371 interpres:
1100 4301 1201 4358 καὶ
1237 4300 1448 4371 δόμους
1485 4299 1805 4374 Ἀμφίονος]
1848 4300 1917 4361 ἐκ
1955 4301 2173 4378 Νιόβης
2209 4301 2511 4376 Ἀίσχύλου.

606 4389 652 4453 ²)
685 4386 794 4440 vid.
831 4403 886 4455 p.
915 4391 1024 4442 129.
