3309 5292
641 425 762 483 140

945 588 1136 650 λαλεῑ
1177 587 1543 670 κροκωτῷ;
1586 585 1654 648 τί
1700 585 1771 650 δὲ
1820 580 1994 670 λύρα
2040 581 2473 672 κεκρυφάλῳ;

945 686 1010 750 τί
1058 682 1360 772 λήκυθος
1405 686 1518 750 καὶ
1563 681 1892 768 στρόφιον
1906 712 1927 764 ,·
1974 677 2064 762 ὥς
2110 679 2193 752 ού
2238 683 2619 771 ξύμφορον·

940 789 1040 864 τίς
1087 787 1193 852 δαὶ
1240 783 1633 872 κατόπτρου
1678 789 1791 852 καὶ
1836 789 2075 870 ξίφους
2119 791 2478 867 κοινωνία;

635 933 874 992 Initium
922 949 1138 992 versus
1174 935 1293 992 136
1341 950 1417 992 ex
1463 931 1769 1008 Aeschylo
1816 932 2135 1008 repetitum
2182 952 2314 994 esse
2359 938 2532 994 vetus
2576 933 2881 1011 interpres

634 1035 894 1096 affirmat
939 1029 1116 1118 λέγει
1163 1028 1236 1093 δὲ
1267 1033 1372 1106 (sc.
1402 1030 1830 1114 Λυκοῦργος)
1878 1027 1951 1094 ἐν
1994 1043 2139 1108 τοῖς
2184 1025 2494 1109 Ἠδωνοῖς
2537 1027 2709 1115 πρὸς
2753 1023 2877 1094 τόν

635 1131 1118 1217 συλληφθέντα
1166 1127 1500 1197 Διόνυσον
1545 1128 1888 1209 ί,ποδαπὸς
1934 1121 1971 1196 5
2019 1125 2289 1216 γύννις’.
2355 1142 2662 1216 Inte-grum
2708 1141 2873 1199 illum

633 1261 869 1302 versum
917 1242 991 1300 ad
1023 1242 1388 1318 Aeschylum
1435 1241 1677 1301 reduxit
1707 1243 2087 1318 Boettigerus
2133 1260 2329 1318 neque
2374 1243 2433 1302 in
2480 1244 2874 1320 sequentibus

631 1345 905 1405 versibus
949 1343 1297 1404 imitationis
1341 1344 1600 1421 vestigia
1646 1344 1880 1404 desunt.
1953 1344 2014 1404 Si
2060 1348 2223 1404 recte
2270 1345 2499 1405 conicio
2539 1346 2875 1421 Aeschylea

631 1465 764 1508 esse
797 1450 1004 1524 utique
1047 1447 1232 1507 verba
1276 1441 1343 1505 τί
1383 1436 1701 1524 βάρβιτος
1748 1430 1939 1506 λαλεῖ
1982 1443 2335 1526 κροκωτῷ,
2382 1449 2601 1524 quibus
2644 1450 2875 1510 Aristo-

632 1550 866 1628 phanea
896 1544 961 1608 τί
1007 1541 1078 1608 δὲ
1122 1539 1292 1627 λύρα
1337 1538 1745 1628 κεκρυφάλῳ
1791 1550 2212 1628 respondeant,
2257 1550 2511 1610 efficitur
2543 1551 2872 1628 Dionysum

627 1653 687 1712 in
733 1651 962 1712 Edonis
1023 1651 1282 1712 musicae
1335 1654 1482 1711 artis
1542 1657 1861 1729 patronum
1925 1653 2239 1725 exstitisse,
2301 1652 2462 1728 quod
2509 1672 2685 1728 quam
2733 1659 2873 1730 apte

630 1773 762 1814 cum
807 1754 990 1814 totius
1035 1753 1390 1829 tetralogiae
1437 1753 1672 1814 ratione
1720 1754 1997 1814 concinat
2042 1753 2202 1813 infra
2248 1753 2583 1831 apparebit.

798 1856 1007 1916 Eidem
1072 1873 1327 1916 scaenae
1388 1859 1548 1915 recte
1602 1857 1939 1916 tribuerunt
1986 1857 2385 1934 fragmentum
2434 1856 2493 1916 in
2541 1855 2781 1916 scholiis
2812 1853 2873 1914 B

628 1959 706 2019 ad
739 1958 942 2020 Iliadis
979 1957 1022 2017 I
1038 1961 1160 2019 339
1194 1962 1494 2019 servatum
1528 1951 1945 2035 Ξενοφῶντα
1980 1952 2051 2018 δὲ
2082 1953 2276 2037 γένος
2306 1976 2369 2017 τι
2400 1943 2631 2018 Ἰνδῶν
2662 1948 2871 2034 φάναι

622 2047 918 2140 χλούνην
962 2048 1150 2132 εἶναι,
1199 2049 1512 2140 καθάπερ
1560 2054 1675 2119 καὶ
1719 2046 1877 2140 παρ’
1907 2050 2226 2139 Αἰσχύλῳ
2270 2053 2344 2119 ἐν
2388 2045 2702 2130 Ἠδωνοῖς

929 2169 1382 2262 μακροσκελὴς
1425 2175 1550 2257 μὲν
1593 2166 1722 2259 ἄρα
1764 2171 1852 2260 μὴ
1892 2170 2183 2261 χλούνης
2228 2198 2327 2251 τις
2371 2167 2429 2257 ᾗ.

627 2301 813 2362 Cuius
859 2319 1072 2362 versus
1132 2301 1304 2361 metri
1359 2301 1566 2361 vitium
1631 2305 1698 2360 ut
1760 2318 2030 2361 sanarem
2088 2303 2199 2361 etsi
2254 2301 2395 2360 mihi
2439 2319 2558 2360 non
2606 2299 2869 2376 contigit,

624 2409 821 2463 tamen
889 2408 948 2463 te
1014 2402 1314 2463 sententia
1379 2403 1577 2463 nullus
1645 2404 1965 2480 scrupulus
2033 2407 2321 2481 remanet,
2387 2421 2519 2462 cum
2570 2392 2868 2480 χλούνην

625 2505 950 2582 spadonem
1018 2522 1150 2565 esse
1218 2505 1573 2565 testimoniis
1641 2505 1714 2566 ab
1780 2506 2107 2582 interprete
2163 2504 2362 2565 Iliadis
2426 2504 2662 2566 collatis
2725 2505 2869 2564 satis

625 2609 1024 2669 confirmetur.
1093 2609 1270 2670 Certe
1316 2608 1744 2669 removendum
1792 2614 1882 2669 est
1927 2608 2086 2685 quod
2134 2609 2515 2669 Hermannus
2560 2613 2621 2668 et
2652 2607 2864 2668 Weck-

624 2711 836 2772 leinius
898 2712 1316 2788 cogitaverunt
1358 2700 1657 2790 χλούνην
1719 2729 1849 2772 esse
1908 2710 2245 2771 animalium
2308 2710 2605 2788 quoddam
2667 2727 2864 2787 genus

622 2814 926 2890 pel-longis
973 2815 1246 2874 cruribus
1292 2813 1653 2890 praeditum,
1699 2815 1823 2873 sive
1868 2831 2150 2873 araneam
2196 2813 2323 2872 sive
2368 2813 2683 2889 locustam,
2729 2831 2861 2872 cum

621 2916 679 2976 in
736 2917 871 2976 loco
936 2916 1113 2976 allato
1174 2935 1286 2994 pro
1344 2901 1574 2976 Ἰνδῶν
1626 2917 2009 2977 Hermannus
2073 2902 2392 2993 άκρίδων,
2457 2915 2865 2975 Weckleinius

621 3010 923 3096 ἐμπίδων
968 3023 1302 3096 temptaret.
1372 3021 1553 3078 Immo
1603 3038 1722 3078 non
1770 3023 1877 3090 est,
1924 3019 2085 3097 quod
2133 3019 2308 3079 fidem
2358 3017 2718 3078 scholiastae
2764 3018 2861 3077 ab·

620 3139 902 3198 rogemus
933 3125 1169 3198 gentem
1205 3121 1503 3199 quandam
1547 3122 1673 3182 sive
1702 3107 1929 3180 Ἱνδῶν
1973 3124 2098 3182 sive
2130 3116 2422 3192 Σινδσὸν,
2469 3123 2533 3181 ut
2565 3119 2860 3196 Bergkius

620 3241 737 3284 non
804 3224 931 3282 sine
997 3222 1256 3300 quadam
1325 3223 1743 3301 probabilitate
1811 3223 2095 3294 coniecit,
2163 3223 2495 3300 spadonum
2564 3215 2860 3281 vocabulo

619 3327 982 3402 appellatam
1031 3324 1232 3397 fuisse,
1280 3327 1627 3402 praesertim
1662 3344 1794 3385 cum
1830 3329 2065 3386 constet
2096 3343 2272 3403 quam
2307 3329 2673 3402 pervagatus
2702 3323 2861 3401 apud

622 3427 914 3504 quosdam
962 3429 1220 3506 populos
1263 3427 1443 3488 Asiae
1492 3446 1618 3488 mos
1666 3427 1851 3489 fuerit
1896 3432 2085 3487 semet
2130 3429 2318 3504 ipsum
2366 3425 2709 3488 exsecandi.

792 3529 888 3590 Ad
958 3531 1114 3589 hanc
1189 3531 1346 3590 inter
1421 3549 1621 3607 regem
1701 3529 1997 3606 deumque
2072 3530 2540 3590 controversiam
2606 3528 2863 3588 refertur

620 3651 859 3709 versus,
929 3651 1104 3709 quem
1162 3633 1597 3710 Aristophanes
1642 3633 1753 3692 Av.
1786 3636 1908 3693 276
1971 3633 2030 3693 in
2091 3650 2261 3692 snum
2328 3649 2496 3692 usum
2566 3632 2649 3690 ita
2706 3649 2862 3690 eom-

619 3736 870 3794 mutavit

790 3848 891 3924 τίς
934 3838 1090 3913 ποτ’
1123 3838 1273 3914 ἔσθ’
1305 3837 1343 3912 5
1389 3845 1848 3933 μουσόμαντις
1892 3839 2148 3925 ἄτοπος
2194 3841 2378 3931 ὄρνις
2424 3837 2769 3932 όριβάτης,·

622 3973 910 4051 Aeschyli
941 3973 1289 4035 Edonorum
1338 3993 1572 4035 versum
1606 3974 2068 4051 Aristophanem
2117 3973 2431 4033 deflexisse
2476 3973 2703 4032 scholia
2745 3978 2862 4032 ira-

619 4077 793 4156 dunt;
854 4078 1180 4154 genuinam
1241 4096 1386 4137 vero
1447 4078 1576 4137 eius
1634 4077 1885 4137 formam
1946 4096 2021 4137 ex
2085 4076 2451 4136 scholiorum
2506 4076 2859 4135 testimoniis

623 4182 795 4257 gravi
863 4181 1208 4258 corruptela
1274 4180 1603 4256 inquinatis
1669 4179 1866 4239 adhuc
1928 4179 2156 4240 frustra
2219 4179 2433 4239 elicere
2488 4178 2861 4238 studuerunt.

619 4283 906 4360 Legimus
952 4284 1106 4376 enim
1155 4283 1212 4342 in
1260 4282 1526 4342 scholiis:
1570 4270 1757 4360 παρὰ
1799 4269 1885 4340 τὰ
1926 4275 1996 4358 ἐξ
2041 4269 2351 4341 Ἠδωνων
2382 4270 2747 4364 Αἰσχύλου
2791 4274 2860 4337 τί

615 4370 769 4443 ποτ’
815 4375 996 4444 ἐσται
1043 4370 1079 4445 5
1125 4370 1577 4463 μουσόμαντις
1639 4372 1813 4442 ἄλλο
1869 4367 2195 4463 άβρατεύς
2242 4367 2323 4441 ὃν
2370 4376 2626 4454 σθέναι,
2695 4380 2857 4456 apud
