3309 5292
693 533 812 592 138

683 687 995 772 Ἠδωνοῖς
1039 692 1367 780 Αἰσχύλος
1408 699 1751 785 μέμνηται,
1798 701 1911 765 καὶ
1946 705 2097 766 τῶν
2140 702 2296 788 περὶ
2342 693 2555 792 αὐτὴν
2602 693 2935 791 ὀργάνων.

686 793 900 864 εἰποὸν
944 796 1069 884 γὰρ
2746 833 2749 836 ·

1091 929 1296 1022 σεμνὰ
1340 939 1691 1016 Κοτυτοῦς
1736 931 1965 1025 ὄργαν’
2012 937 2273 1026 ἔχοντες
2292 945 2339 1022 ¹)

681 1049 840 1132 τούς
884 1055 1042 1141 περὶ
1085 1052 1210 1123 τὸν
1255 1053 1584 1124 Διόνυσον
1628 1051 1889 1138 εὐθέως
1935 1059 2235 1146 ἐπιφέρει

1091 1169 1129 1242 ὃ
1172 1177 1293 1261 μὲν
1339 1173 1413 1243 ἐν
1452 1180 1638 1264 χερσὶ
1680 1175 2022 1265 βόμβυκας
2068 1177 2239 1265 ἔχων

1088 1275 1342 1365 τόρνου
1386 1278 1689 1366 κάματον
1735 1279 2300 1349 δακτυλύδεικτον

1084 1383 1411 1468 πίμπλησι
1453 1385 1650 1468 μέλος

1082 1485 1323 1569 μανίας
1366 1483 1721 1571 ἐπαγωγὸν
1764 1475 2082 1572 ὃμοκλὶν.

1085 1578 1123 1654 ὃ
1170 1587 1242 1654 δὲ
1280 1589 1717 1674 χαλκοδέτοις
1759 1585 2082 1669 κοτύλαις
2128 1582 2357 1674 ὀτοβεῖ

675 1688 789 1754 καὶ
831 1684 1040 1754 πάλιν

1081 1838 1135 1864 υ
1159 1840 1212 1864 υ
1236 1849 1288 1856 -
1332 1807 1596 1896 ψαλμός
1641 1803 1701 1876 ‹5'
1746 1801 2077 1897 ἀλαλάζει.

1084 1910 1602 1999 ταυρόφθογγοι
1647 1905 1707 1979 δ’
1752 1905 2239 2000 ύπομυκῶνταί

1080 2022 1306 2082 ποθεν
1351 2015 1421 2100 ἐξ
1465 2009 1771 2099 α’φανοῦς
1818 2019 2097 2104 φοβεροὶ
2139 2031 2347 2103 μῖμοι,

1080 2117 1392 2186 τυπάνου
1438 2111 1498 2187 δ’
1542 2115 1748 2186 εἰκών
1790 2113 1961 2186 ὥσθ’
2006 2113 2347 2206 ύπογαὶου

1081 2225 1368 2310 βροντῆς
1395 2209 1683 2309 ’φέρεται
1728 2220 2166 2312 βαρυταρβής.

671 2343 889 2406 ταῦτα
934 2337 1061 2427 γὰρ
1107 2340 1284 2408 ἔοικε
1327 2355 1468 2418 τοϊς
1503 2343 1821 2427 Φρυγίοις
1853 2362 1867 2376 ·
1902 2344 2015 2408 καὶ.
2059 2333 2189 2409 ούκ
2234 2337 2509 2422 ἀπεικός
2552 2368 2645 2429 γε,
2691 2337 2919 2431 ὥσπερ

672 2435 866 2511 αύτοὶ
912 2443 978 2510 οἱ
1025 2441 1285 2530 Φρύγες
1334 2448 1625 2534 Θρᾳκῶν
1670 2438 1945 2511 ἄποικοί
1990 2445 2183 2522 εἰσιν,
2241 2439 2427 2512 οὕτω
2480 2447 2595 2512 καὶ
2650 2441 2733 2512 τὰ
2778 2443 2923 2531 ἱερὰ

671 2547 937 2614 ἐκεῖθεν
977 2548 1474 2633 μετενηνέχθαι.
1548 2548 1663 2613 καὶ
1691 2542 1817 2614 τὸν
1851 2541 2182 2614 Διόνυσον
2228 2548 2298 2614 δὲ
2336 2549 2447 2617 καὶ
2479 2546 2605 2614 τόν
2632 2539 2923 2616 Ἠδωνόν

668 2652 1072 2736 Λυκοῦργον
1117 2645 1575 2729 συνάπτοντες
1621 2650 1713 2729 εἰς
1758 2648 1832 2717 ἓν
1867 2653 2008 2717 τῶν
2038 2651 2244 2739 ἱερῶν
2271 2643 2400 2737 τὴν
2431 2642 2920 2738 ὃμοιοτροπίαν

671 2752 1104 2819 αἰνίττονται.

837 2865 1052 2924 Totam
1099 2864 1256 2925 hanc
1303 2864 1783 2944 disputationem,
1831 2884 1954 2943 qua
1997 2864 2307 2940 Phrygica
2343 2866 2403 2923 et
2430 2863 2732 2924 Thracica
2776 2883 2919 2925 con-

671 2964 845 3025 fundi
890 2965 1353 3044 demonstretur,
1383 2965 1742 3027 Strabonem
1774 2986 1846 3027 ex
1879 2959 2239 3044 Apollodori
2285 2965 2362 3026 de
2405 2965 2675 3044 catalogo
2706 2963 2918 3027 Home-

665 3068 790 3129 rico
835 3069 1293 3146 commentariiS,
1335 3069 1498 3128 illum
1532 3088 1606 3128 ex
1637 3069 1925 3129 Demetrii
1952 3070 2130 3148 libro,
2171 3068 2275 3145 qui
2315 3057 2605 3146 τρωικός
2649 3057 2913 3128 διάκοσ-

664 3188 788 3249 μος
840 3171 1162 3248 inscriptus
1208 3175 1352 3248 erat,
1410 3171 1851 3249 deprompsisse
1905 3172 2179 3232 Nieseius
2238 3171 2298 3230 in
2345 3173 2495 3231 Mus.
2542 3171 2731 3232 Rhcn.
2771 3176 2912 3231 tom.

664 3275 892 3335 XXXII
935 3294 993 3352 p.
1025 3278 1244 3336 285ss.
1289 3278 1349 3335 et
1379 3274 1681 3336 Gaedeius
1713 3275 2058 3337 Demetrii
2105 3273 2388 3352 Scepsii
2432 3289 2615 3346 quae
2661 3292 2912 3353 super-

664 3379 833 3439 sunt
876 3376 1038 3452 (diss.
1066 3377 1293 3454 Gryph.
1330 3376 1518 3452 1880)
1565 3379 1893 3439 evicerunt.
1979 3377 2323 3455 Disputatio
2369 3377 2531 3437 haud
2564 3379 2709 3437 satis
2743 3378 2913 3437 lucu·

663 3481 826 3541 lenta
871 3480 1014 3558 quid
1063 3481 1174 3541 sibi
1212 3481 1358 3541 velit
1401 3481 1611 3558 paucis
1660 3499 1969 3556 exponam.
2057 3481 2149 3540 De
2188 3480 2443 3558 Dionysi
2490 3478 2802 3539 comitibus
2852 3478 2912 3539 in

667 3583 1004 3660 fragmento
1037 3583 1156 3643 dici
1183 3588 1242 3643 et
1272 3583 1494 3644 diserte
1523 3583 1740 3644 Strabo
1764 3582 1991 3643 indicat
2029 3571 2213 3656 (τούς
2241 3576 2396 3660 περὶ
2424 3571 2550 3640 τὸν
2580 3572 2914 3641 Διόνυσον

663 3672 919 3758 εὐθέως
963 3679 1286 3765 ἐπιφέρει)
1349 3691 1410 3746 et
1463 3705 1538 3747 ex
1584 3687 1868 3763 proximis
1921 3686 2199 3747 versibus
2254 3673 2771 3763 ταυρόφθογγοι
2815 3689 2909 3744 etc

662 3789 878 3850 elucet.
929 3791 1172 3850 Taurus
1196 3790 1350 3849 enim
1377 3789 1619 3851 Baccho
1648 3809 1820 3851 sacer
1846 3795 1950 3862 est,
1982 3809 2103 3849 non
2126 3788 2359 3865 Cotydi.
2414 3787 2571 3861 Quid
2593 3786 2777 3864 igitur
2802 3786 2911 3846 sibi

660 3893 793 3952 vult
825 3891 1075 3970 Cotydis
1107 3892 1375 3953 mentio?
1461 3892 1756 3954 Nimirum
1803 3912 1877 3954 ex
1908 3891 2136 3970 parodo
2178 3890 2417 3952 fabulae
2445 3907 2663 3952 versus
2694 3891 2913 3968 sumpti

662 3999 818 4068 sunt,
864 3995 964 4055 ubi
999 3996 1218 4056 chorus
1251 3995 1598 4056 Edonorum
1632 3996 1881 4074 Dionysi
1918 3995 2163 4055 comites
2196 3993 2500 4069 describit,
2532 4011 2683 4070 quos
2715 4011 2905 4053 novos

832 4159 870 4228 ι)
906 4157 1030 4213 libri
1077 4153 1264 4226 σεμνὰ
1299 4153 1487 4223 Κότυς
1533 4152 1599 4215 ἐν
1633 4163 1755 4222 τοῖς
1788 4151 2079 4222 Ἠδωνοῖς,
2132 4149 2268 4228 ὅρια
2321 4151 2369 4210 δ’
2405 4149 2609 4227 ὅργαν’
2660 4148 2910 4225 ἔχοντες.

659 4243 936 4299 Nauckius
973 4236 1160 4311 σεμνοὶ
1184 4243 1478 4308 Κοτυτοῦς
1507 4236 1658 4314 ὄργι’
1693 4236 1939 4312 ἔχοντες.
2010 4235 2234 4314 ὄργανα
2259 4242 2607 4297 scribendum
2632 4256 2761 4296 esse
2784 4256 2907 4296 cum

659 4327 943 4384 Strabonis
979 4329 1156 4398 ipsius
1191 4330 1376 4398 verba,
1415 4345 1555 4398 quae
1591 4329 1945 4398 antecedunt,
1981 4333 2098 4384 tum
2120 4327 2387 4398 Aeschyli
2410 4343 2624 4396 versus,
2660 4326 2756 4396 qui
2778 4326 2909 4381 sub-

657 4420 986 4484 sequuntur,
1021 4414 1276 4482 probant.
1344 4415 1714 4470 Instrumenta.
1748 4414 1921 4484 enim,
1958 4430 2098 4484 quae
2131 4415 2205 4468 ad
2240 4414 2473 4484 Cotydis
2508 4413 2713 4468 cultum
2750 4427 2910 4480 spoc-

655 4504 790 4568 tant,
827 4500 1227 4556 describuntur.
