3309 5292
2533 412 2652 470 139

411 579 677 639 advenas
723 597 896 639 nemo
941 583 1118 640 antea
1162 578 1412 639 viderat.
1502 577 1732 639 Chorus
1777 597 1889 638 nec
1934 596 2150 638 nomen
2191 577 2443 654 Dionysi
2489 579 2655 638 novit

411 701 524 742 nec
567 683 738 760 rituS,
783 682 886 742 sed
933 683 1177 742 comites
1222 681 1348 740 eius
1378 682 1489 740 scit
1521 681 1732 741 eadem
1762 681 2160 741 instrumenta
2192 681 2415 740 musica
2444 699 2657 756 gerere

413 785 626 861 quibus
691 784 804 860 ipsi
869 783 1062 844 Edoni
1129 784 1189 842 in
1266 783 1544 860 Gotyttus
1611 785 1776 844 cultu
1838 789 2101 844 utantur.
2188 785 2416 844 Narrat
2474 783 2657 859 igitur

415 887 631 947 chorus
677 888 916 948 venisse
973 887 1328 966 peregrinos
1381 886 1677 964 quosdam
1730 887 2002 949 homines
2055 878 2262 966 σεμνὰ
2305 882 2656 958 Κοτυτοῦς

413 974 643 1067 ὄργαν’
733 979 1024 1065 ἔχοντας.
1156 991 1364 1068 Itaque
1453 991 1704 1067 primum
1781 989 2017 1068 quidem
2094 991 2415 1051 edocemur
2489 989 2655 1050 chori

413 1095 616 1168 partes
681 1110 801 1152 non
848 1091 1106 1169 Dionysi
1169 1093 1416 1152 comites
1474 1093 1830 1172 suscepisse,
1897 1092 2004 1152 sed
2049 1091 2311 1170 Edonos,
2376 1092 2434 1152 id
2491 1091 2655 1170 quod

414 1195 530 1253 iam
578 1211 652 1253 ex
695 1193 871 1253 titulo
919 1193 1161 1254 fabulae
1208 1193 1402 1255 conici
1444 1193 1677 1253 licebat.
1743 1195 2097 1270 Dionysum,
2142 1213 2321 1271 quem
2352 1195 2656 1271 captivum

415 1295 727 1356 inductum
775 1314 907 1356 esse
953 1296 1134 1356 schol.
1167 1295 1473 1373 Aristoph.
1502 1296 1743 1356 Thesm.
1771 1301 1891 1359 135
1938 1296 2311 1357 demonstrat
2366 1288 2538 1374 λέγει
2584 1288 2656 1354 δὲ

414 1391 488 1457 ἐν
553 1404 696 1469 τοῖς
762 1383 1073 1468 Ἠδωνοῖς
1137 1388 1311 1477 πρὸς
1375 1387 1504 1457 τὸν
1569 1393 2050 1478 συλληφθέντα
2114 1389 2467 1471 Διόνυσον,
2534 1418 2654 1459 non

416 1501 736 1562 maenades
799 1504 1030 1560 tantum
1087 1500 1194 1561 sed
1241 1502 1415 1561 etia‘m
1463 1502 1666 1562 viriles
1713 1502 2012 1562 ministros
2066 1502 2195 1561 sive
2239 1506 2475 1577 satyros
2530 1503 2656 1561 sive

417 1604 676 1664 cultores
734 1604 1025 1663 humanos
1085 1609 1320 1664 secutos
1383 1621 1515 1664 esse
1563 1603 1749 1664 verba
1821 1587 1858 1662 ὃ
1901 1597 2026 1681 μὲν
2074 1633 2157 1643 -—-
2203 1587 2240 1662 ὃ
2288 1597 2359 1662 δὲ
2421 1603 2656 1665 docent.

418 1707 694 1782 Denique
741 1725 870 1766 cum
920 1707 1140 1767 chorus
1192 1706 1252 1765 in
1299 1706 1529 1783 parodo
1576 1705 1828 1784 Dionysi
1873 1725 2119 1783 gregem
2164 1705 2512 1767 bacchatam
2558 1706 2656 1766 de-

416 1809 641 1887 pingat,
701 1810 760 1869 in
806 1811 1062 1887 prologo
1124 1809 1218 1869 dei
1267 1809 1588 1870 adventum
1651 1811 1714 1870 in
1759 1809 2076 1870 Thraciam
2122 1813 2426 1870 narratum
2471 1808 2656 1868 fuisse

416 1915 481 1970 ut
526 1931 643 1972 non
703 1929 950 1972 necesse
995 1916 1086 1972 est
1150 1913 1233 1971 ita
1293 1917 1489 1972 tamen
1554 1913 1875 1972 verisimile
1931 1930 2066 1973 esse
2120 1912 2374 1972 videtur.
2463 1911 2653 1985 Quam

415 2015 817 2075 coniecturam
864 2017 1072 2095 utique
1118 2015 1496 2076 commendat
1539 2013 1942 2092 fragmentum
1975 2019 2054 2077 59
2073 2013 2119 2085 ¹)

822 2135 1007 2222 ὅστις
1047 2147 1338 2228 χιτῶνας
1379 2142 1716 2229 βασσάρας
1758 2170 1830 2211 τε
1876 2145 2127 2222 Λυδίας

822 2244 953 2330 ἔχει
996 2243 1309 2335 ποδήρεις

416 2390 579 2468 quod
636 2392 736 2450 vix
794 2394 959 2451 recte
1016 2391 1095 2450 ad
1153 2392 1603 2452 altercationem
1646 2393 1806 2452 inter
1848 2410 2049 2469 regem
2096 2391 2395 2469 deumque
2439 2391 2657 2453 factam

415 2493 803 2554 rettulerunt.
890 2495 1044 2555 Nam
1106 2493 1378 2572 profecto
1443 2512 1560 2572 quo
1621 2499 1889 2571 tempore
1949 2493 2100 2554 haec
2145 2494 2331 2554 verba
2377 2493 2660 2554 dicuntur

415 2596 722 2675 Dionysus
766 2597 826 2656 in
873 2615 1092 2656 scaena
1137 2597 1350 2658 adesse
1383 2597 1607 2674 nequit.
1675 2597 1877 2672 Ipsum
1910 2598 2093 2674 igitur
2126 2596 2280 2656 duco
2312 2597 2657 2674 Lycurgum

417 2699 674 2774 primum
722 2698 1089 2775 processisse
1135 2704 1194 2759 et
1238 2700 1448 2759 nuntio
1496 2700 1570 2761 de
1601 2699 1743 2760 novi
1775 2698 1873 2758 dei
1903 2699 2168 2760 adventu
2200 2699 2383 2759 allato
2416 2702 2659 2775 captum

415 2801 802 2878 vinctumque
862 2801 1031 2860 illum
1093 2801 1347 2877 produci
1410 2802 1673 2862 iussisse.
1762 2801 1935 2875 Quod
1982 2802 2303 2878 Lycurgus
2362 2801 2421 2860 in
2479 2801 2662 2877 longa

420 2907 586 2964 veste
611 2902 834 2962 Bacchi
866 2904 1118 2981 iocatur,
1149 2922 1220 2964 eo
1252 2903 1512 2964 efficitur
1541 2922 1746 2981 regem
1778 2905 1971 2981 ipsum
2005 2922 2124 2964 non
2146 2903 2455 2963 Persicum
2487 2905 2661 2964 vesti·
2756 2941 2761 2948 -

419 3009 682 3066 mentum
740 3005 1038 3084 habuisse,
1099 3025 1274 3083 quam
1337 3007 1594 3084 speciem
1657 3011 1869 3085 postea
1921 3024 2096 3084 reges
2142 3005 2445 3066 scaenicos
2490 3024 2659 3067 usur-

423 3109 663 3185 pavisse
711 3113 963 3187 constat,
1008 3109 1117 3170 sed
1162 3111 1459 3170 Thracica
1503 3114 1673 3170 veste
1720 3127 1889 3169 usum
1937 3126 2086 3169 esse.

589 3231 713 3289 Iam
759 3233 1077 3307 postquam
1124 3231 1432 3307 Dionysus
1477 3231 1717 3290 vinctus
1768 3231 1827 3289 in
1874 3247 2151 3291 scaenam
2196 3228 2526 3305 perductus
2570 3233 2662 3288 est

421 3333 889 3393 controversiam
951 3333 1108 3394 inter
1153 3334 1328 3393 deum
1373 3339 1434 3394 et
1477 3334 1821 3411 Lycurgum
1871 3333 2088 3393 factam
2137 3349 2269 3392 esse
2315 3332 2492 3392 docet
2532 3331 2661 3390 imi-

421 3437 568 3496 tatio
617 3441 862 3496 servata
907 3436 1068 3514 apud
1100 3436 1564 3514 Aristophanem
1597 3437 1660 3496 in
1690 3435 2328 3514 Thesmophoriacusis
2357 3452 2413 3493 v.
2439 3437 2561 3496 144
2584 3452 2661 3494 ss.

723 3566 838 3631 καί
885 3557 966 3645 6³,
1012 3558 1069 3630 ὦ
1112 3569 1356 3646 νεᾶνις,
1400 3557 1545 3652 ἣτις
1589 3560 1667 3644 εἶ,
1713 3557 1860 3630 κατ’
1890 3560 2231 3649 Αἰσχύλον

723 3667 797 3732 ἐκ
841 3671 958 3756 τῆς
1002 3669 1461 3752 Λυκουργείας
1507 3667 1783 3752 ἐρέσθαι
1828 3665 2178 3751 βούλομαι,

720 3765 1032 3848 ποδαπὸς
1077 3761 1114 3836 o‘
1162 3767 1426 3854 γύννις,·
1468 3772 1570 3848 τίς
1614 3765 1859 3854 πάτρα,
1910 3771 2007 3848 τίς
2050 3759 2091 3858 ἡ
2137 3765 2347 3854 στολή
2360 3796 2383 3848 ,·

721 3873 822 3949 τίς
865 3867 905 3957 ἡ
949 3865 1218 3957 τάραξις
1262 3875 1391 3938 τοῦ
1435 3873 1626 3952 βίου,·
1669 3873 1735 3936 τί
1779 3867 2095 3957 βάρβιτος

414 4029 478 4036 -4-

590 4133 630 4197 ¹)
666 4128 849 4198 Etym.
875 4127 946 4182 M.
982 4145 1037 4197 p.
1063 4132 1174 4195 191,
1202 4133 1230 4182 5
1269 4121 1538 4196 λέγονται
1573 4123 1867 4197 βασσάραι
1901 4131 2143 4196 χιτῶνες
2179 4120 2279 4189 ους
2317 4119 2573 4196 ἐφόρουν
2598 4143 2659 4179 αι

423 4209 666 4288 Θρᾴκιαι
721 4209 950 4284 βάκχαι,
1005 4209 1358 4280 καλούμενοι
1413 4231 1597 4276 ουτως
1653 4205 1767 4266 απὸ
1814 4219 1920 4268 τοῦ
1972 4209 2312 4283 βασσαρέως
2357 4207 2657 4276 Διονύσου,

416 4301 564 4367 ἦσαν
616 4296 677 4354 δὲ
731 4294 986 4351 ποικίλοι
1057 4295 1156 4351 καὶ
1209 4293 1494 4368 ποδήρεις.
1581 4289 1862 4366 Αἰσχύλος
1927 4291 1990 4353 ἐν
2043 4291 2302 4361 Ἠδωνοῖς
2355 4287 2539 4360 (ὅστις
2591 4327 2658 4335 --

417 4379 720 4452 ποδήρεις’.

518 4487 638 4526 Dies.
671 4487 784 4536 phil.
811 4487 920 4527 Hal.
947 4486 1082 4526 XIII.
2258 4489 2315 4540 10
