3309 5292
2593 389 2714 448 145

477 582 596 624 non
647 562 826 624 videt.
923 563 1203 640 Orpheus
1247 561 1582 638 Apollinem
1630 561 1821 636 illum,
1876 577 2051 637 quem
2096 577 2278 619 unum
2327 558 2525 618 colere
2572 557 2718 634 vult,

479 665 677 726 Solem
726 684 858 728 esse
904 664 1229 736 contendit,
1275 681 1396 741 qua
1438 663 1496 724 in
1545 681 1610 723 re
1640 663 1982 740 Aeschylus
2012 681 2131 722 non
2164 661 2348 721 solum
2383 659 2715 721 doctrinam

477 766 798 844 Orphicam
845 767 1058 842 reddit,
1104 785 1224 844 qua
1271 767 1431 826 hunc
1477 783 1743 826 errorem
1787 769 1905 825 tam
1955 764 2074 824 late
2119 767 2415 840 patentem
2458 761 2714 838 primum

477 874 875 949 propagatum
951 887 1080 930 esse
1156 871 1416 946 constat,
1490 867 1594 928 sed
1671 868 1933 945 ipsorum
1999 867 2302 926 Thracum
2367 864 2713 941 religionem

475 974 764 1049 sequitur.
831 971 1122 1033 Conferas
1151 971 1464 1049 Sophoclis
1492 971 1630 1031 Ter.
1662 969 1733 1030 fr.
1759 952 2091 1041 523‘H2oe,
2123 960 2478 1044 φιλίπποις
2512 960 2717 1044 Θρῃξὶ

475 1067 879 1153 πρέσβιστον
938 1066 1149 1143 σέλας.
1251 1075 1373 1133 Iam
1434 1073 1616 1149 igitur
1674 1090 1792 1133 non
1853 1071 2027 1131 modo
2073 1069 2515 1132 controversiae
2560 1069 2719 1128 inter

477 1174 783 1254 Orpheum
852 1180 912 1237 et
979 1176 1223 1236 chorum
1293 1178 1462 1236 ortae
1530 1174 1816 1252 originem
1886 1177 2184 1244 tenemus,
2250 1170 2357 1233 sed
2413 1171 2475 1231 in
2534 1169 2717 1230 totius

476 1279 831 1357 tetralogiae
892 1279 1135 1340 cardine
1194 1295 1517 1340 versamur.
1606 1276 1932 1351 Quaeritur
1978 1274 2053 1335 de
2097 1273 2395 1353 Apollinis
2438 1290 2717 1350 persona,

476 1401 649 1461 quem
718 1382 998 1458 Orpheus
1065 1378 1260 1441 Solem
1335 1397 1467 1440 esse
1541 1377 1715 1456 dicit,
1786 1379 2030 1453 chorus,
2103 1396 2280 1453 quem
2354 1395 2427 1436 ex
2494 1376 2714 1436 Bacchi

477 1484 790 1545 comitibus
847 1483 1194 1543 mulieribus
1241 1481 1578 1542 constitisse
1621 1478 1781 1540 infra
1824 1479 2273 1555 demonstrab0‚
2327 1496 2495 1538 suum
2543 1478 2714 1538 deum

478 1588 825 1663 Dionysum.
933 1587 1055 1644 Iam
1116 1584 1460 1645 Edonorum
1527 1582 1846 1659 fragmenti
1903 1581 2061 1642 illius
2123 1580 2490 1658 memineris,
2554 1579 2716 1658 quod

477 1689 665 1750 obiter
708 1706 889 1764 supra
933 1687 1101 1765 tetigi

475 1838 576 1914 τίς
617 1826 773 1901 ποτ’
819 1826 963 1901 ἔσθ’
1009 1827 1045 1899 ὁ
1089 1829 1538 1919 μουσόμαντις
1571 1843 1638 1908 -Ι-
1674 1826 1919 1911 ἄλαλος
1963 1824 2287 1917 ἄβρατεύς
2332 1823 2414 1898 ὃν
2459 1813 2718 1910 offen&

476 1997 597 2055 Iam
667 2014 848 2072 supra
915 1994 1037 2053 dixi
1106 1995 1266 2053 hunc
1331 2011 1572 2053 versum
1639 1993 1906 2052 indicare
1971 1993 2030 2051 in
2100 1992 2323 2053 Edonis
2385 1992 2582 2052 fabula
2642 1993 2717 2053 de

479 2098 776 2176 Apollinis
822 2098 1188 2174 Dionysique
1233 2096 1508 2173 personis
1551 2095 2019 2156 controversiam
2064 2094 2267 2173 fuisse,
2312 2113 2443 2156 cum
2475 2100 2718 2172 praeter

478 2221 581 2264 eos
643 2202 718 2260 de
774 2201 939 2260 nullo
986 2220 1101 2260 uno
1150 2200 1262 2260 deo
1307 2201 1665 2260 vocabulum
1711 2187 2159 2277 μουσόμαντις
2204 2198 2473 2258 adhiberi
2518 2201 2719 2276 possit.

475 2303 742 2364 Eandem
820 2303 1002 2378 igitur
1077 2303 1481 2379 quaestionem
1551 2301 1821 2362 videmus
1889 2318 1999 2377 per
2064 2299 2215 2360 duas
2280 2300 2515 2361 fabulas
2581 2321 2719 2362 con·
2812 2273 2890 2352 ἐπ’
2964 2343 2969 2350 -

474 2409 764 2467 tinuatam
824 2399 1010 2465 fuisse
1067 2423 1262 2482 neque
1309 2404 1567 2465 dubitari
1613 2409 1837 2482 potest,
1901 2403 2041 2480 quin
2088 2405 2148 2462 in
2193 2404 2291 2464 illo
2338 2403 2559 2482 Orphei
2606 2405 2717 2466 dis·

473 2527 654 2572 sensu
701 2526 834 2568 cum
882 2508 1083 2579 chol-0,
1131 2508 1223 2567 cui
1271 2507 1390 2567 duo
1435 2507 1539 2566 illa
1581 2506 1920 2583 fragmenta
1964 2525 2147 2584 supra
2192 2507 2375 2566 allata
2406 2495 2722 2568 tribuenda

474 2610 900 2686 sunt‚'summa
945 2609 1323 2669 Bassaridum
1371 2610 1568 2689 posita
1613 2609 1814 2685 fuerit,
1858 2609 1958 2686 qui
2007 2609 2313 2670 dissensus
2353 2610 2467 2671 nisi
2498 2608 2719 2688 Orphei

475 2718 662 2775 morte
722 2712 875 2774 solvi
940 2731 1056 2772 non
1125 2715 1376 2788 poterat.
1465 2712 1813 2772 Rectissime
1860 2713 2041 2789 igitur
2086 2713 2470 2772 Hel-mannus
2516 2715 2725 2773 statuit

476 2815 888 2878 Eratosthenis
963 2813 1160 2874 verbis
1234 2832 1391 2891 quae
1464 2830 1648 2891 supra
1724 2814 2014 2890 exscripsi
2080 2815 2268 2891 ipsum
2338 2816 2719 2876 Bassaridum

479 2923 896 2996 argumentum
945 2917 1240 2977 contineri
1287 2933 1496 2994 neque,
1544 2919 1610 2976 ut
1655 2917 1784 2976 aliis
1829 2917 2075 2994 placuit,
2121 2918 2520 2978 narrationem
2558 2919 2724 2978 chori

477 3021 712 3082 cantico
767 3019 999 3080 cuidam
1062 3020 1376 3092 insertam,
1436 3020 1530 3078 cui
1585 3037 1720 3079 cum
1768 3019 1898 3096 ipsa
1943 3020 2177 3080 actione
2222 3021 2369 3080 nihil
2413 3038 2726 3082 commuue

477 3124 569 3184 sit.
675 3123 827 3182 Nam
890 3122 1026 3182 licet
1082 3139 1276 3198 neque
1322 3121 1644 3199 Lycurgus
1691 3121 1751 3180 in
1801 3121 1910 3182 hae
1954 3122 2158 3182 fabula
2204 3140 2399 3200 neque
2445 3124 2726 3201 Orpheus

476 3228 534 3286 in
582 3225 807 3284 Edonis
852 3241 1211 3302 progressus
1257 3225 1356 3298 sit,
1414 3254 1500 3264 —
1557 3223 1616 3282 id
1664 3224 1825 3301 quod
1872 3243 2015 3285 sane
2062 3226 2231 3286 nullo
2276 3225 2408 3286 iure
2452 3230 2722 3302 negatur,

475 3327 585 3388 etsi
633 3345 706 3387 ne
754 3345 886 3388 eum
932 3328 1298 3404 processisse
1343 3325 1586 3404 quidem
1630 3325 1929 3386 affirmare
1971 3327 2115 3386 licet
2142 3358 2216 3368 —
2256 3332 2455 3388 tamen
2492 3329 2715 3406 Orphei

472 3429 730 3489 satorum
793 3431 1190 3489 narrationem
1237 3429 1647 3506 interpositam
1694 3428 1932 3490 minime
1979 3430 2329 3491 continuum
2373 3431 2713 3509 iustumque

473 3532 740 3593 ordinem
787 3531 1139 3608 tetralogiae
1186 3531 1532 3608 corrupisse
1580 3532 1725 3591 satis
1768 3535 2041 3608 apparet.
2446 3597 2451 3602 ,

642 3634 695 3693 Α
756 3633 1178 3694 Bassaridibus
1244 3631 1548 3711 Orpheum
1626 3633 2019 3694 dilaceratum
2086 3651 2218 3695 esse
2284 3636 2713 3697 Eratosthenes

472 3737 641 3798 testis
708 3741 824 3806 est;
891 3753 922 3795 6
991 3735 1412 3797 Bassaridibus
1479 3736 1725 3795 chorum
1795 3735 2133 3796 constitisse
2198 3737 2406 3798 titulus
2471 3738 2713 3798 fabulae

473 3839 741 3914 indicare
799 3839 1057 3900 videtur.
1163 3838 1336 3913 Quod
1396 3856 1540 3898 vero
1601 3838 1768 3899 nullo
1829 3839 2003 3900 modo
2067 3839 2275 3900 eodem
2334 3843 2599 3918 tempore
2654 3845 2715 3902 et

473 3941 751 4018 Orpheus
808 3944 868 4001 et
929 3942 1148 4002 chorus
1207 3961 1242 4000 a
1298 3958 1521 4002 scaena
1580 3940 1790 4001 abesse
1844 3945 2196 4020 potuerunt,
2254 3946 2434 4019 poeta
2478 3943 2537 4002 in
2581 3942 2715 4021 ipsa

469 4062 692 4105 scaena
736 4044 890 4104 vatis
936 4048 1186 4104 mortem
1233 4042 1675 4104 demonstrasse
1719 4042 1974 4105 videtur.
2062 4043 2235 4118 Quod
2284 4045 2503 4122 duplici
2538 4044 2712 4107 modo

471 4148 698 4208 institui
765 4149 984 4224 potuit,
1052 4167 1180 4208 cum
1251 4152 1354 4207 aut
1419 4147 1560 4207 inde
1625 4165 1663 4206 a
1722 4148 1973 4226 prologo
2036 4165 2256 4209 scaena
2311 4150 2369 4209 in
2428 4150 2712 4227 Pangaeo

471 4251 894 4325 collocaretur,
948 4254 1054 4311 aut
1097 4251 1290 4327 prima
1332 4268 1475 4328 pars
1517 4249 1755 4310 fabulae
1800 4255 1940 4312 ante
1985 4249 2223 4312 domum
2268 4252 2491 4329 regiam
2536 4251 2712 4312 doce-

471 4357 664 4431 retur,
729 4359 850 4414 tum
914 4371 1056 4418 vero
1125 4371 1342 4416 scaena
1405 4354 1468 4416 in
1529 4352 1852 4417 solitudine
1911 4358 2083 4418 esset.
2185 4355 2387 4440 Atque
2444 4373 2510 4416 re
2569 4373 2712 4422 vera
