3309 5292
2595 441 2711 498 111

475 607 742 666 Minerva
788 624 919 666 cum
965 605 1199 666 calculo
1244 605 1439 667 efficta
1486 612 1576 668 est
1620 612 1679 668 et
1725 608 1784 666 in
1832 608 2077 684 gemmis
2121 606 2427 667 nonnullis
2452 605 2495 679 ¹)
2550 612 2611 668 et
2654 609 2713 668 in

360 752 364 756 ›
475 709 736 770 lucernis
780 709 1016 804 figlinis.
1033 707 1083 781 2)

644 813 773 872 Jam
820 831 963 872 vero
1009 813 1362 889 sarcophagi
1409 832 1624 890 agmen
1671 813 1901 873 ducunt
1939 832 2143 873 eorum
2178 817 2715 889 monumentorum,

476 935 631 993 quae
693 934 724 975 e
785 908 1150 991 Ghoephorls
1203 916 1489 994 Aeschyli
1548 921 1966 994 argumentum
2027 917 2389 993 hauserunt,
2452 935 2607 992 quae
2652 922 2713 978 et

478 1021 607 1096 ipsa
673 1037 788 1077 non
859 1020 986 1078 sine
1047 1017 1248 1078 fructu
1305 1019 1837 1096 examinabuntur,
1894 1022 1962 1078 ut
2017 1018 2308 1079 artificum
2365 1036 2586 1078 morem
2652 1021 2710 1078 in

477 1121 666 1196 poetis
709 1120 1074 1180 illustrandis
1119 1121 1296 1196 plane
1327 1122 1775 1197 perspiciamus.
1863 1121 2101 1199 Qqupe
2132 1121 2472 1198 Aeschylus
2503 1121 2710 1198 Aegis·

475 1223 636 1283 thum
684 1222 846 1282 foras
890 1227 1169 1283 vocatum
1213 1223 1374 1301 fecit,
1418 1243 1493 1283 ne
1538 1243 1650 1301 per
1690 1225 1974 1285 satellites
2005 1217 2239 1284 Orestis
2284 1224 2593 1285 consilium
2634 1223 2710 1282 ad

471 1325 704 1386 irritum
752 1326 1010 1386 caderet.
1098 1326 1322 1388 Contra
1367 1326 1529 1404 apud
1561 1327 1964 1388 Stesichorum
2012 1347 2215 1404 regem
2263 1329 2321 1387 in
2370 1328 2523 1387 solio
2556 1328 2709 1403 Aga-

474 1430 801 1489 memnonis
859 1430 1110 1489 occisum
1171 1447 1302 1488 esse
1359 1433 1502 1488 nota
1546 1430 1838 1507 quaedam
1883 1431 2080 1507 quinti
2140 1431 2360 1490 saeculi
2420 1447 2565 1489 vasa
2610 1429 2709 1489 do-

475 1536 626 1591 cent.
647 1529 693 1603 3)
780 1531 909 1590 Jam
957 1531 1237 1608 inspicias
1282 1549 1400 1608 quo
1449 1533 1622 1591 modo
1677 1533 1737 1592 in
1794 1533 2187 1610 sarcophagis
2231 1533 2515 1592 Romanis
2558 1532 2709 1592 haec

472 1651 567 1692 res
613 1651 902 1710 expressa
945 1634 1038 1693 sit.
1055 1632 1104 1706 ⁴)
1193 1633 1478 1710 Pyladem
1534 1635 1807 1696 videmus
1867 1636 1971 1712 qui
2019 1636 2291 1712 Aegisthi
2338 1655 2373 1693 a
2415 1635 2565 1696 sella
2612 1633 2709 1694 de-

474 1737 623 1814 lapsi
670 1755 886 1814 corpus
932 1737 1328 1797 exanimatum
1376 1739 1560 1814 pallio
1591 1739 1824 1816 spoliat,
1869 1743 1935 1799 ut
1964 1739 2181 1799 nutrici
2211 1757 2361 1815 quae
2392 1739 2712 1815 perterrita

471 1845 800 1916 aversatur,
843 1858 1045 1916 regem
1093 1842 1351 1900 occisum
1399 1840 1694 1902 ostendat.
1780 1843 1965 1902 Juxta
2010 1860 2144 1901 eum
2190 1839 2433 1901 Orestes
2479 1830 2711 1916 conspi-

471 1943 643 2018 citur,
689 1943 858 2001 cuius
887 1940 962 2000 ad
997 1943 1184 2017 pedes
1215 1949 1405 2003 mater
1435 1948 1648 2003 necata
1680 1946 1850 2003 iacet.
1938 1943 2164 2004 Servus
2196 1944 2357 2002 humi
2389 1942 2710 2002 considens

469 2044 580 2103 sub
640 2045 965 2104 scabellum
1022 2063 1086 2105 se
1150 2046 1412 2106 condere
1466 2051 1737 2106 conatur.
1840 2047 1970 2106 Jam
2034 2064 2179 2106 vero
2236 2045 2424 2105 furiae
2485 2063 2713 2121 angues

471 2147 774 2207 vibrantes
817 2149 878 2208 in
924 2147 1193 2208 Orestem
1241 2147 1566 2225 accedunt,
1619 2150 1724 2225 qui
1768 2148 1972 2210 furore
2017 2166 2337 2225 percussus
2383 2147 2457 2207 ab
2504 2165 2707 2207 earum

470 2253 797 2325 conspectu
866 2249 1090 2309 vultum
1156 2249 1388 2310 avertit.
1500 2250 1825 2327 Aegisthus
1882 2250 1969 2310 de
2036 2250 2186 2310 solio
2248 2249 2533 2326 delapsus
2600 2250 2710 2308 etsi

469 2352 845 2428 Aeschyleae
903 2351 1144 2412 fabulae
1189 2353 1573 2413 vehementer
1628 2361 1954 2430 repugnat,
2007 2358 2203 2412 tamen
2262 2353 2549 2412 furiarum
2609 2352 2710 2412 ille

472 2453 768 2514 adventus
812 2474 1042 2515 omnem
1089 2454 1514 2516 dubitationem
1565 2457 1765 2528 demit,
1812 2457 1953 2533 quin
2000 2455 2221 2515 artifex
2252 2456 2534 2531 Aeschyli
2581 2473 2711 2514 ver-

467 2575 570 2616 sus
615 2559 674 2616 in
719 2557 914 2618 animo
958 2558 1267 2630 habuerit,
1326 2558 1426 2618 ubi
1470 2558 1719 2620 Orestes
1772 2577 1905 2618 eum
1966 2558 2318 2635 corporibus
2374 2559 2581 2617 matris
2638 2575 2711 2616 ae

467 2660 628 2736 regis
675 2661 734 2719 in
782 2661 1056 2720 maehina
1099 2666 1356 2737 apparet
1401 2665 1462 2721 et
1505 2661 1578 2720 de
1623 2661 1891 2721 facinore
1937 2661 2230 2736 gloriatus
2275 2659 2465 2720 furias
2512 2660 2706 2720 subito

468 2763 773 2840 conspicit.
847 2763 1136 2824 Conferas
1182 2782 1392 2824 versus
1443 2767 1892 2825 1048—1051:

1542 2899 1627 2974 ἇᾶ

875 3024 1186 3097 γυναῖκες
1231 3009 1374 3078 αἵδε
1416 3008 1785 3097 Γοργόνων
1833 3013 2027 3098 δίκην

874 3115 1314 3198 φαιοχίτωνες
1356 3115 1469 3179 καὶ
1513 3116 2137 3201 πεπλεκτανημέναι

871 3231 1160 3294 πυκνοῖς
1203 3213 1584 3302 δράκουσιν.
1671 3209 1890 3284 οὐκέτ’
1934 3211 2017 3284 ἂν
2059 3211 2343 3303 μείναιμ’
2389 3215 2535 3303 ἐγώ.

469 3365 664 3424 Unum
714 3365 898 3438 igitur
940 3363 1093 3422 illud
1125 3362 1563 3424 Stesichoreum
1611 3367 1727 3424 est:
1772 3363 2096 3440 Aegisthus
2141 3364 2201 3423 in
2233 3369 2519 3440 usurpato
2551 3363 2708 3440 Aga—

469 3465 797 3526 memnonis
855 3466 1003 3526 solio
1060 3469 1335 3542 necatus,
1396 3485 1471 3526 ex
1531 3466 1826 3526 artificum
1887 3485 2063 3542 quam
2119 3465 2331 3525 dicunt
2388 3466 2707 3552 traditione

465 3573 768 3646 sumptus3
813 3573 1014 3629 cetera
1059 3571 1256 3629 omnia
1285 3568 1648 3647 Aeschylca.
1720 3570 1920 3629 Habes
1950 3570 2284 3644 exemplum
2331 3568 2599 3644 imaginis
2632 3586 2706 3627 ex

467 3669 702 3730 duobus
725 3673 916 3749 poetis
940 3671 1192 3731 diversis
1219 3672 1416 3732 modis·
1439 3672 1776 3748 pendentis.
1823 3673 1975 3730 Nam
2002 3670 2077 3729 ad
2104 3672 2373 3747 picturae
2398 3669 2704 3749 cuiusdam

467 3775 806 3851 exemplum
840 3775 1349 3852 sarcophagorum
1383 3773 1628 3851 opifices
1660 3792 1938 3834 scaenam
1976 3773 2137 3832 illam
2172 3773 2539 3850 expressisse
2569 3778 2706 3847 post

638 3971 681 4037 ¹)
727 3969 810 4025 Of.
847 3969 1073 4040 Caylus,
1119 3972 1347 4026 Recueil
1393 3971 1767 4040 d’Antiquites
1802 3972 1857 4026 H
1898 3972 1973 4040 pl.
2006 3975 2088 4026 43.
2136 3972 2239 4026 No,
2272 3975 2318 4024 2.
2399 3968 2705 4036 Overbeck,

463 4053 778 4110 Bildwerke
815 4073 937 4110 zum
973 4056 1321 4112 Thebischen
1360 4058 1474 4111 und
1509 4057 1787 4112 troischen
1821 4056 2215 4124 Heldenkreis,
2250 4054 2426 4123 Atlas,
2461 4054 2705 4108 XXXIX

464 4141 554 4195 Nr.
583 4145 662 4208 14,
697 4141 938 4211 Eckhel,
981 4141 1155 4197 Choix
1191 4144 1262 4197 de
1296 4142 1503 4210 pierres
1539 4143 1774 4212 gravees
1815 4143 1889 4197 du
1926 4142 2153 4197 Cabinet
2194 4141 2265 4196 de
2301 4141 2638 4208 l’Empcreur
2672 4141 2705 4194 a

463 4225 678 4280 Vienne
713 4226 786 4294 pl.
813 4231 894 4282 21.
978 4229 1022 4295 2)
1059 4226 1141 4282 Cf.
1167 4227 1370 4297 Caylus
1394 4228 1428 4282 l.
1455 4245 1498 4283 c.
1537 4229 1618 4282 ΠΙ
1653 4230 1725 4296 pl.
1752 4233 1832 4283 39.
1886 4227 2105 4295 Bellori,
2140 4229 2217 4282 Le
2241 4225 2457 4282 antiche
2480 4227 2703 4282 lucerne

470 4311 758 4378 sepolerali
793 4311 1027 4380 figurate
1050 4313 1104 4366 11
1138 4317 1250 4368 tav.
1275 4319 1359 4368 40.
1450 4316 1496 4380 3)
1531 4314 1661 4369 vid.
1685 4301 1917 4382 Robert‚
1951 4313 2078 4366 Bne
2114 4312 2229 4368 und
2263 4313 2399 4367 med
2435 4328 2489 4380 p.
2520 4317 2614 4366 149
2628 4328 2702 4366 ss.

469 4395 514 4466 ⁴)
551 4393 633 4450 Cf.
669 4397 898 4461 Robert‚
937 4398 1500 4468 Sarkophag-Reliefs
1525 4399 1593 4470 H,
1630 4400 1740 4454 tab.
1764 4400 1888 4456 LIV
1925 4400 2016 4454 Nr.
2046 4402 2325 4466 155-160,
2360 4414 2417 4467 p.
2443 4402 2620 4452 168ss.
