3309 5292
707 490 826 549 126

692 647 1220 734 θελήσαντος,
1277 649 1532 738 ταύτην
1592 650 1828 738 ἐκείνῳ
1887 649 2192 736 ἐπιτάξαι
2249 649 2373 719 τὸν
2431 649 2945 738 καθηγούμενον

691 756 837 819 τῶν
879 757 1084 820 θεῶν.
1161 747 1334 821 ὅθεν
1374 746 1616 822 αὐτίκα
1659 749 1786 821 τὸν
1830 757 2298 843 δεδηλωμένον
2326 756 2666 839 στέφανον
2695 755 2757 842 (i.
2788 783 2839 824 e.
2870 764 2943 824 de

693 881 813 939 qua
854 867 1036 923 antea
1081 867 1293 925 auctor
1337 865 1573 925 locutus
1614 870 1710 926 est
1754 866 1878 941 lygi
1931 863 2176 937 corona)
2221 862 2321 944 τῷ
2367 861 2724 944 Προμηθεῖ
2761 882 2943 945 περι-

691 959 1005 1043 γενέσθαι
1049 961 1162 1024 καὶ
1204 953 1345 1045 μετ’
1389 951 1474 1026 οὐ
1517 956 1701 1026 πολὺ
1762 973 1904 1039 τοῖς
1958 952 2491 1047 εὐεργετηθεῖσιν
2552 952 2943 1047 ἀνθρώποις

687 1049 804 1127 ὑπ’
847 1054 1065 1128 αὐτοῦ
1108 1059 1285 1128 κατὰ
1325 1059 1448 1150 τὴν
1489 1067 1620 1130 τοῦ
1665 1065 1881 1150 πυρὸς
1926 1059 2199 1150 δωρεάν.
2279 1072 2370 1130 Ex
2410 1071 2692 1149 Aeschyli
2738 1072 2940 1131 fabula

691 1171 842 1232 haec
902 1172 1170 1250 pendere
1229 1177 1434 1233 nostro
1497 1174 1626 1233 iure
1688 1174 2014 1234 conicimus
2070 1192 2203 1233 eum
2251 1174 2457 1250 paullo
2504 1178 2641 1251 post
2685 1172 2835 1248 (674
2860 1171 2939 1246 D)

689 1273 845 1334 idem
893 1278 1103 1334 auctor
1157 1279 1384 1335 narret:
1446 1261 1784 1353 Αἰσχύλος
1837 1260 1898 1333 δ’
1950 1268 2024 1333 ἐν
2073 1272 2173 1354 τῷ
2217 1269 2546 1354 Λυομένῳ
2593 1272 2947 1355 Προμηθεῖ

687 1372 919 1452 σαφοῦς
979 1389 1185 1457 φησιν
1243 1363 1348 1437 ὅτι
1407 1369 1518 1436 ἐπὶ
1577 1369 1698 1459 [τε]
1761 1374 1915 1454 τιμῇ
1971 1375 2099 1438 τοῦ
2142 1372 2557 1458 Προμηθέως
2614 1363 2739 1437 τὸν
2798 1373 2938 1437 στέ-

688 1495 913 1555 φανον
942 1475 1373 1560 περιτίθεμεν
1403 1477 1485 1556 τῇ
1511 1477 1788 1557 κεφαλῇ,
1836 1466 2195 1540 ἀντίποινα
2223 1476 2348 1539 ‘coi'
2378 1473 2643 1540 ἐκείνου
2674 1474 2934 1558 δεσμοῦ.

687 1582 940 1643 Videtur
981 1583 1164 1659 igitur
1195 1583 1404 1644 Castor
1447 1602 1568 1643 non
1614 1584 1805 1643 solum
1852 1585 1963 1662 ipsi
1996 1584 2350 1644 Prometheo
2398 1602 2618 1643 morem
2662 1584 2938 1661 gessisse,

689 1685 797 1745 sed
843 1687 1022 1746 etiam
1067 1685 1440 1762 praedixisse
1485 1686 1756 1746 homines
1800 1687 2050 1761 posthac
2091 1687 2151 1746 in
2197 1686 2481 1746 honorem
2526 1686 2785 1764 Titanis,
2830 1687 2935 1764 qui

687 1807 890 1849 eorum
937 1790 1132 1865 gratia
1174 1792 1264 1848 tot
1316 1791 1482 1849 tanta
1527 1789 1821 1866 supplicia
1866 1789 2120 1864 tulisset,
2182 1807 2435 1848 coronas
2495 1789 2724 1848 laturos
2784 1807 2933 1849 esse.

687 1891 952 1952 Anulum
1016 1909 1256 1968 quoque
1318 1891 1393 1951 de
1454 1910 1575 1967 quo
1621 1892 1849 1952 Plinius
1893 1892 1969 1952 N.
2000 1892 2073 1951 H.
2106 1891 2385 1950 XXXVII
2430 1895 2501 1969 2,
2557 1892 2797 1952 Servius
2854 1892 2933 1952 ad

687 1994 854 2070 Virg.
884 1994 1012 2054 Ecl.
1044 1994 1128 2053 VI
1157 1997 1268 2065 42,
1331 1994 1609 2070 Hyginus
1655 2013 1714 2072 p.
1745 1998 1886 2054 astr.
1918 1994 1973 2053 11
2008 1996 2115 2066 15,
2177 1993 2445 2054 Isidorus
2488 1993 2649 2072 Orig.
2681 1995 2821 2054 XIX
2850 1997 2931 2056 32

686 2095 786 2155 alii
831 2098 1194 2172 protuerunt
1237 2094 1394 2173 apud
1441 2096 1809 2173 Aeschylum
1872 2097 1985 2155 hoc
2045 2096 2176 2156 loco
2236 2100 2755 2157 commemoratum
2804 2115 2933 2158 esse

689 2199 788 2259 vel
848 2200 1099 2260 maxime
1161 2199 1486 2259 verisimile
1547 2203 1653 2259 est.
1756 2199 2001 2260 Silentio
2047 2200 2247 2260 Titani
2304 2201 2578 2276 imposito
2625 2201 2932 2261 Vulcanus

684 2322 818 2363 cum
864 2301 1242 2362 ferramentis
1284 2303 1594 2378 processit,
1638 2306 1705 2362 ut
1746 2302 1987 2362 vincula
2031 2302 2359 2378 expediret.
2435 2303 2581 2362 Eius
2613 2308 2815 2380 partes
2863 2309 2929 2364 nt

683 2404 838 2464 idem
882 2408 1051 2464 actor
1091 2407 1348 2479 gereret,
1395 2405 1496 2481 qui
1528 2405 1870 2464 Promethei
1901 2421 2218 2482 personam
2250 2409 2429 2464 antea
2474 2412 2707 2482 egerat,
2750 2407 2927 2465 etiam

681 2507 855 2568 nullo
923 2506 1166 2566 stasimo
1227 2507 1580 2584 interposito
1641 2505 1819 2566 facile
1876 2505 2005 2566 fleri
2067 2505 2329 2582 potuisse
2390 2508 2663 2583 proxima
2724 2507 2929 2569 fabula

682 2609 890 2688 docet,
943 2611 1002 2670 in
1051 2629 1171 2687 qua
1216 2609 1423 2670 eadem
1472 2609 1747 2670 condicio
1793 2609 1949 2669 inter
1994 2609 2331 2670 Promethei
2376 2610 2749 2687 Vulcanique
2794 2629 2927 2688 per-

681 2729 861 2773 sonas
906 2712 1236 2775 intercedit.

851 2816 1020 2890 Quae
1065 2817 1114 2876 si
1162 2819 1325 2876 recte
1371 2814 1807 2892 disputavimus
1851 2815 2157 2892 speculum
2204 2835 2240 2875 a
2285 2833 2406 2892 quo
2438 2815 2687 2893 profecti
2721 2834 2925 2877 sumus

680 2920 760 2979 ab
827 2919 1134 2997 Aeschylo
1196 2917 1462 2996 pendere
1523 2922 1797 2995 apparet.
1906 2919 2073 2978 Duas
2138 2918 2364 2977 scilicet
2430 2922 2495 2977 ut
2559 2917 2623 2978 fit
2686 2917 2924 2980 fabulae

678 3039 932 3082 scaenas
987 3021 1049 3080 in
1111 3039 1182 3080 eo
1246 3021 1597 3081 conIunctas
1662 3020 1957 3094 videmus,
2016 3021 2071 3079 id
2136 3019 2297 3098 quod
2360 3021 2454 3081 hic
2510 3038 2739 3080 summo
2795 3022 2923 3081 iure

680 3123 880 3203 opifex
943 3125 1164 3196 effecit,
1233 3142 1365 3184 cum
1430 3141 1541 3201 pro
1609 3123 1877 3183 ministro
1934 3123 2205 3183 Vulcano
2264 3141 2472 3184 verum
2542 3123 2920 3184 liberatorem

675 3227 998 3287 Herculem
1044 3225 1406 3287 substituere
1439 3225 1637 3286 vellet.
1712 3225 1869 3299 Quid
1914 3244 2057 3286 vero
2106 3225 2179 3285 de
2224 3227 2423 3302 priore
2468 3229 2637 3302 parte
2682 3225 2919 3286 fabulae

674 3328 1052 3389 statuamus?
1116 3329 1410 3388 Nimirum
1441 3328 1763 3388 Herculem
1810 3327 1925 3385 iam
1969 3326 2028 3386 in
2077 3327 2266 3404 primo
2312 3328 2577 3404 episodio
2624 3327 2919 3405 prodiisse

675 3432 901 3491 nnllam
947 3431 1128 3491 habet
1171 3431 1480 3490 veritatem
1527 3448 1726 3506 neque
1772 3447 1905 3488 eum
1952 3430 2136 3490 choro
2166 3429 2447 3489 Titanum
2494 3433 2727 3490 tantum
2775 3433 2920 3490 Pro-

679 3533 974 3594 metheum
1023 3534 1216 3610 egisse
1262 3532 1436 3594 facile
1480 3532 1652 3592 nobis
1698 3531 2148 3609 persuademus.
2234 3532 2401 3594 Jovis
2459 3534 2721 3610 legatum
2782 3551 2918 3610 pro-

673 3635 845 3714 gredi
907 3636 1187 3696 debuisse
1246 3636 1475 3714 opinor,
1537 3636 1635 3712 qui
1698 3639 1941 3713 rogaret
1998 3654 2137 3695 num
2198 3640 2289 3696 tot
2346 3637 2723 3697 saeculorum
2782 3654 2916 3714 sup·

671 3738 865 3815 pliciis
912 3737 1134 3799 fractus
1180 3755 1342 3798 nunc
1387 3736 1625 3797 demum
1671 3737 1848 3797 Titan
1894 3743 2183 3798 secretum
2232 3739 2467 3815 aperire
2512 3739 2708 3799 vellet.
2781 3738 2915 3812 Quo

670 3841 914 3916 repulso
960 3842 1147 3916 magis
1193 3841 1452 3900 eminere
1485 3839 1745 3900 debebat
1774 3858 1905 3901 cum
1938 3841 2218 3901 Herculis
2250 3841 2675 3918 Castorumque
2704 3841 2917 3918 virtus,

671 3945 774 4020 qui
829 3947 1060 4004 tantum
1119 3941 1380 4020 rigorem
1444 3943 1774 4014 solverent,
1834 3948 1956 4002 tum
2002 3943 2343 4024 Promethei
2405 3943 2611 4004 firmus
2662 3944 2913 4022 animus,

669 4046 770 4122 qui
814 4044 982 4105 Jovis
1027 4045 1317 4106 voluntati
1374 4063 1590 4105 morem
1654 4064 1774 4105 non
1836 4050 2101 4121 gereret,
2160 4047 2275 4106 nisi
2334 4065 2467 4105 cum
2528 4047 2915 4123 comperisset

669 4166 892 4208 novum
958 4147 1130 4208 deum
1199 4148 1523 4224 benignum
1594 4146 1797 4206 mundi
1866 4149 2329 4224 gubernatorem
2396 4167 2461 4210 se
2527 4149 2913 4226 praestitisse.

666 4250 946 4312 Profecto
1009 4253 1068 4311 in
1130 4251 1295 4311 initio
1355 4251 1543 4312 Soluti
1606 4249 1966 4310 indefectam
2036 4250 2217 4312 fuisse
2274 4251 2507 4312 Titanis
2575 4252 2910 4313 firmitatem

666 4347 1062 4431 fragmentum
1112 4356 1233 4415 193
1296 4352 1474 4415 docet
1532 4372 1568 4412 a
1612 4354 1904 4414 Cicerone
1960 4354 2021 4413 in
2068 4355 2342 4414 Latinam
2407 4356 2671 4432 linguam
2718 4359 2909 4417 trans·

665 4458 864 4518 latum.
941 4458 1226 4534 Quisnam
1258 4476 1402 4518 vero
1448 4457 1562 4519 hoc
1596 4475 1842 4518 munere
1873 4457 2067 4536 potuit
2096 4457 2304 4535 fungi?
2376 4459 2537 4519 Ecce
2568 4459 2907 4538 Apollinem
