<?xml version="1.0" encoding="UTF-8"?>
<!DOCTYPE html PUBLIC "-//W3C//DTD XHTML 1.0 Transitional//EN"
    "http://www.w3.org/TR/xhtml1/DTD/xhtml1-transitional.dtd">
<html xmlns="http://www.w3.org/1999/xhtml" xml:lang="en" lang="en">
 <head>
  <title>
</title>
<meta http-equiv="Content-Type" content="text/html;charset=utf-8" />
  <meta name='ocr-system' content='tesseract 3.04.00' />
  <meta name='ocr-capabilities' content='ocr_page ocr_carea ocr_par ocr_line ocrx_word'/>
</head>
<body>
  <div class='ocr_page' id='page_1' title='image "./commentationesa00haupgoog_0008.png"; bbox 0 0 3309 5292; ppageno 0'>
   <div class='ocr_carea' id='block_1_1' title="bbox 579 395 748 474">
    <p class='ocr_par' dir='ltr' id='par_1_1' title="bbox 579 395 748 474">
     <span class='ocr_line' id='line_1_1' title="bbox 579 395 748 474; baseline 0.012 -18"><span class='ocrx_word' id='word_1_1' title='bbox 579 469 586 474; x_wconf 47' lang='grc'><strong>,</strong></span> <span class='ocrx_word' id='word_1_2' title='bbox 627 395 748 458; x_wconf 83' lang='lat'><strong>108</strong></span> 
     </span>
    </p>
   </div>
   <div class='ocr_carea' id='block_1_2' title="bbox 619 569 2866 1166">
    <p class='ocr_par' dir='ltr' id='par_1_2' title="bbox 619 569 2866 1166">
     <span class='ocr_line' id='line_1_2' title="bbox 626 569 2863 656; baseline 0.004 -26"><span class='ocrx_word' id='word_1_3' title='bbox 626 569 915 645; x_wconf 75' lang='lat' dir='ltr'><strong>amphora</strong></span> <span class='ocrx_word' id='word_1_4' title='bbox 959 571 1321 650; x_wconf 86' lang='lat' dir='ltr'><strong>Rubustina,</strong></span> <span class='ocrx_word' id='word_1_5' title='bbox 1372 592 1549 650; x_wconf 87' lang='lat' dir='ltr'><strong>quam</strong></span> <span class='ocrx_word' id='word_1_6' title='bbox 1603 575 1827 652; x_wconf 76' lang='lat' dir='ltr'><strong>publici</strong></span> <span class='ocrx_word' id='word_1_7' title='bbox 1878 575 2023 635; x_wconf 87' lang='lat' dir='ltr'><strong>iuris</strong></span> <span class='ocrx_word' id='word_1_8' title='bbox 2068 575 2211 637; x_wconf 80' lang='lat' dir='ltr'><strong>fecit</strong></span> <span class='ocrx_word' id='word_1_9' title='bbox 2254 574 2543 654; x_wconf 79' lang='lat' dir='ltr'><strong>Stephani</strong></span> <span class='ocrx_word' id='word_1_10' title='bbox 2582 573 2863 656; x_wconf 78' lang='lat' dir='ltr'><strong>⁴Compte-</strong></span> 
     </span>
     <span class='ocr_line' id='line_1_3' title="bbox 621 673 2865 758; baseline 0.004 -25"><span class='ocrx_word' id='word_1_11' title='bbox 621 673 814 734; x_wconf 89' lang='lat' dir='ltr'><strong>rendu</strong></span> <span class='ocrx_word' id='word_1_12' title='bbox 867 677 1028 738; x_wconf 89' lang='grc'>1863</span> <span class='ocrx_word' id='word_1_13' title='bbox 1079 677 1160 736; x_wconf 95' lang='lat' dir='ltr'><strong>VI</strong></span> <span class='ocrx_word' id='word_1_14' title='bbox 1181 695 1226 736; x_wconf 92' lang='lat' dir='ltr'><strong>s.</strong></span> <span class='ocrx_word' id='word_1_15' title='bbox 1271 693 1447 754; x_wconf 86' lang='lat' dir='ltr'><strong>quam</strong></span> <span class='ocrx_word' id='word_1_16' title='bbox 1494 680 1748 738; x_wconf 82' lang='lat' dir='ltr'><strong>maxime</strong></span> <span class='ocrx_word' id='word_1_17' title='bbox 1794 683 2071 740; x_wconf 83' lang='lat' dir='ltr'><strong>accurate</strong></span> <span class='ocrx_word' id='word_1_18' title='bbox 2119 673 2496 742; x_wconf 76' lang='lat' dir='ltr'><strong>Eumenidum</strong></span> <span class='ocrx_word' id='word_1_19' title='bbox 2551 683 2865 758; x_wconf 81' lang='lat' dir='ltr'><strong>prologum</strong></span> 
     </span>
     <span class='ocr_line' id='line_1_4' title="bbox 624 777 2865 862; baseline 0.004 -27"><span class='ocrx_word' id='word_1_20' title='bbox 624 777 880 838; x_wconf 85' lang='lat' dir='ltr'><strong>exhibet.</strong></span> <span class='ocrx_word' id='word_1_21' title='bbox 970 777 1282 840; x_wconf 76' lang='lat' dir='ltr'><strong>CernImus</strong></span> <span class='ocrx_word' id='word_1_22' title='bbox 1314 777 1585 840; x_wconf 81' lang='lat' dir='ltr'><strong>Orestem</strong></span> <span class='ocrx_word' id='word_1_23' title='bbox 1631 780 1839 858; x_wconf 86' lang='lat' dir='ltr'><strong>gladio</strong></span> <span class='ocrx_word' id='word_1_24' title='bbox 1886 782 2101 843; x_wconf 88' lang='lat' dir='ltr'><strong>educto</strong></span> <span class='ocrx_word' id='word_1_25' title='bbox 2147 784 2463 860; x_wconf 88' lang='lat' dir='ltr'><strong>intemplo</strong></span> <span class='ocrx_word' id='word_1_26' title='bbox 2510 783 2585 842; x_wconf 87' lang='lat' dir='ltr'><strong>ad</strong></span> <span class='ocrx_word' id='word_1_27' title='bbox 2620 785 2865 862; x_wconf 88' lang='lat' dir='ltr'><strong>ompha-</strong></span> 
     </span>
     <span class='ocr_line' id='line_1_5' title="bbox 623 879 2866 961; baseline 0.003 -22"><span class='ocrx_word' id='word_1_28' title='bbox 623 879 742 940; x_wconf 89' lang='lat' dir='ltr'><strong>lum</strong></span> <span class='ocrx_word' id='word_1_29' title='bbox 801 880 1206 942; x_wconf 76' lang='lat' dir='ltr'><strong>considentem</strong></span> <span class='ocrx_word' id='word_1_30' title='bbox 1255 884 1743 960; x_wconf 80' lang='lat' dir='ltr'><strong>Eumenidesque</strong></span> <span class='ocrx_word' id='word_1_31' title='bbox 1798 885 2064 961; x_wconf 81' lang='lat' dir='ltr'><strong>quinque</strong></span> <span class='ocrx_word' id='word_1_32' title='bbox 2126 905 2374 947; x_wconf 89' lang='lat' dir='ltr'><strong>numero</strong></span> <span class='ocrx_word' id='word_1_33' title='bbox 2432 886 2679 946; x_wconf 88' lang='lat' dir='ltr'><strong>diffusas</strong></span> <span class='ocrx_word' id='word_1_34' title='bbox 2733 886 2866 946; x_wconf 92' lang='lat' dir='ltr'><strong>dor·</strong></span> 
     </span>
     <span class='ocr_line' id='line_1_6' title="bbox 622 981 2866 1067; baseline 0.004 -27"><span class='ocrx_word' id='word_1_35' title='bbox 622 981 884 1044; x_wconf 87' lang='lat' dir='ltr'><strong>mientes.</strong></span> <span class='ocrx_word' id='word_1_36' title='bbox 973 984 1163 1044; x_wconf 81' lang='lat' dir='ltr'><strong>Extra</strong></span> <span class='ocrx_word' id='word_1_37' title='bbox 1207 986 1486 1061; x_wconf 90' lang='lat' dir='ltr'><strong>templum</strong></span> <span class='ocrx_word' id='word_1_38' title='bbox 1535 986 1826 1046; x_wconf 78' lang='lat' dir='ltr'><strong>sacerdos</strong></span> <span class='ocrx_word' id='word_1_39' title='bbox 1871 989 2190 1062; x_wconf 87' lang='lat' dir='ltr'><strong>perterrita</strong></span> <span class='ocrx_word' id='word_1_40' title='bbox 2233 990 2459 1067; x_wconf 85' lang='lat' dir='ltr'><strong>effugit.</strong></span> <span class='ocrx_word' id='word_1_41' title='bbox 2546 989 2675 1049; x_wconf 88' lang='lat' dir='ltr'><strong>Jam</strong></span> <span class='ocrx_word' id='word_1_42' title='bbox 2724 1008 2866 1049; x_wconf 91' lang='lat' dir='ltr'><strong>con-</strong></span> 
     </span>
     <span class='ocr_line' id='line_1_7' title="bbox 619 1081 2559 1166; baseline 0.004 -23"><span class='ocrx_word' id='word_1_43' title='bbox 619 1081 782 1144; x_wconf 84' lang='lat' dir='ltr'><strong>feras</strong></span> <span class='ocrx_word' id='word_1_44' title='bbox 827 1086 1080 1162; x_wconf 85' lang='lat' dir='ltr'><strong>Pythiae</strong></span> <span class='ocrx_word' id='word_1_45' title='bbox 1124 1087 1311 1147; x_wconf 85' lang='lat' dir='ltr'><strong>verba</strong></span> <span class='ocrx_word' id='word_1_46' title='bbox 1356 1088 1514 1164; x_wconf 84' lang='lat' dir='ltr'><strong>apud</strong></span> <span class='ocrx_word' id='word_1_47' title='bbox 1561 1088 1924 1166; x_wconf 80' lang='lat' dir='ltr'><strong>Aeschylum</strong></span> <span class='ocrx_word' id='word_1_48' title='bbox 1972 1091 2218 1150; x_wconf 87' lang='lat' dir='ltr'><strong>Eumen.</strong></span> <span class='ocrx_word' id='word_1_49' title='bbox 2286 1093 2351 1150; x_wconf 90' lang='lat' dir='ltr'><strong>V.</strong></span> <span class='ocrx_word' id='word_1_50' title='bbox 2384 1095 2465 1154; x_wconf 86' lang='lat'><strong>34</strong></span> <span class='ocrx_word' id='word_1_51' title='bbox 2482 1110 2559 1152; x_wconf 86' lang='lat' dir='ltr'><strong>ss.</strong></span> 
     </span>
    </p>
   </div>
   <div class='ocr_carea' id='block_1_3' title="bbox 606 1209 2859 4104">
    <p class='ocr_par' dir='ltr' id='par_1_3' title="bbox 923 1209 2518 1306">
     <span class='ocr_line' id='line_1_8' title="bbox 923 1209 2518 1306; baseline 0.003 -23"><span class='ocrx_word' id='word_1_52' title='bbox 923 1209 966 1305; x_wconf 83' lang='grc' dir='ltr'><strong><em>ἦ</em></strong></span> <span class='ocrx_word' id='word_1_53' title='bbox 1011 1214 1197 1285; x_wconf 82' lang='grc' dir='ltr'><strong><em>δεινὰ</em></strong></span> <span class='ocrx_word' id='word_1_54' title='bbox 1241 1219 1442 1301; x_wconf 81' lang='grc' dir='ltr'><strong><em>λέξαι,</em></strong></span> <span class='ocrx_word' id='word_1_55' title='bbox 1488 1212 1674 1286; x_wconf 79' lang='grc' dir='ltr'><strong><em>δεινὰ</em></strong></span> <span class='ocrx_word' id='word_1_56' title='bbox 1716 1219 1773 1286; x_wconf 80' lang='grc' dir='ltr'><strong>δ’</strong></span> <span class='ocrx_word' id='word_1_57' title='bbox 1818 1213 2204 1306; x_wconf 78' lang='grc' dir='ltr'><em>ὀφθαλμοῖς</em></span> <span class='ocrx_word' id='word_1_58' title='bbox 2249 1222 2518 1306; x_wconf 80' lang='grc' dir='ltr'><em>δρακεῖν</em></span> 
     </span>
    </p>

    <p class='ocr_par' dir='ltr' id='par_1_4' title="bbox 923 1311 2486 1407">
     <span class='ocr_line' id='line_1_9' title="bbox 923 1311 2486 1407; baseline 0.003 -22"><span class='ocrx_word' id='word_1_59' title='bbox 923 1318 1134 1386; x_wconf 84' lang='grc' dir='ltr'><strong><em>πάλιν</em></strong></span> <span class='ocrx_word' id='word_1_60' title='bbox 1176 1311 1243 1405; x_wconf 81' lang='grc' dir='ltr'><strong>μ’</strong></span> <span class='ocrx_word' id='word_1_61' title='bbox 1289 1317 1586 1406; x_wconf 75' lang='grc' dir='ltr'><strong><em>ἔπεμψεν</em></strong></span> <span class='ocrx_word' id='word_1_62' title='bbox 1631 1321 1709 1388; x_wconf 80' lang='grc' dir='ltr'><strong>ἐκ</strong></span> <span class='ocrx_word' id='word_1_63' title='bbox 1753 1322 1984 1407; x_wconf 80' lang='grc' dir='ltr'>δόμων</span> <span class='ocrx_word' id='word_1_64' title='bbox 2028 1326 2173 1389; x_wconf 77' lang='grc' dir='ltr'><strong>τῶν</strong></span> <span class='ocrx_word' id='word_1_65' title='bbox 2216 1326 2486 1406; x_wconf 79' lang='grc' dir='ltr'><strong><em>Λοξίου,</em></strong></span> 
     </span>
    </p>

    <p class='ocr_par' dir='ltr' id='par_1_5' title="bbox 925 1416 2536 1512">
     <span class='ocr_line' id='line_1_10' title="bbox 925 1416 2536 1512; baseline 0.002 -23"><span class='ocrx_word' id='word_1_66' title='bbox 925 1416 1015 1500; x_wconf 79' lang='grc' dir='ltr'><strong>ὡς</strong></span> <span class='ocrx_word' id='word_1_67' title='bbox 1055 1419 1145 1510; x_wconf 84' lang='grc' dir='ltr'><strong>μή</strong></span> <span class='ocrx_word' id='word_1_68' title='bbox 1185 1447 1267 1508; x_wconf 85' lang='grc' dir='ltr'><strong><em>με</em></strong></span> <span class='ocrx_word' id='word_1_69' title='bbox 1310 1421 1555 1490; x_wconf 81' lang='grc' dir='ltr'><strong><em>σώκειν</em></strong></span> <span class='ocrx_word' id='word_1_70' title='bbox 1597 1418 1756 1512; x_wconf 79' lang='grc' dir='ltr'><strong>μηδ’</strong></span> <span class='ocrx_word' id='word_1_71' title='bbox 1802 1417 1892 1492; x_wconf 67' lang='grc' dir='ltr'><strong>ἔτ’</strong></span> <span class='ocrx_word' id='word_1_72' title='bbox 1938 1418 2280 1492; x_wconf 74' lang='grc' dir='ltr'><em>ἀκταίνειν</em></span> <span class='ocrx_word' id='word_1_73' title='bbox 2324 1424 2536 1506; x_wconf 83' lang='grc' dir='ltr'><strong><em>βάσιν.</em></strong></span> 
     </span>
    </p>

    <p class='ocr_par' dir='ltr' id='par_1_6' title="bbox 921 1519 2379 1617">
     <span class='ocr_line' id='line_1_11' title="bbox 921 1519 2379 1617; baseline 0.003 -27"><span class='ocrx_word' id='word_1_74' title='bbox 921 1525 1134 1610; x_wconf 85' lang='grc' dir='ltr'><strong><em>τρέχω</em></strong></span> <span class='ocrx_word' id='word_1_75' title='bbox 1181 1526 1254 1592; x_wconf 80' lang='grc' dir='ltr'><strong>δὲ</strong></span> <span class='ocrx_word' id='word_1_76' title='bbox 1294 1529 1537 1611; x_wconf 86' lang='grc' dir='ltr'><strong><em>χερσὶν,</em></strong></span> <span class='ocrx_word' id='word_1_77' title='bbox 1581 1519 1666 1594; x_wconf 75' lang='grc' dir='ltr'><strong>οὗ</strong></span> <span class='ocrx_word' id='word_1_78' title='bbox 1709 1529 2055 1617; x_wconf 74' lang='grc' dir='ltr'><strong><em>ποόωκείᾳ</em></strong></span> <span class='ocrx_word' id='word_1_79' title='bbox 2098 1533 2379 1595; x_wconf 77' lang='grc' dir='ltr'><strong><em>σκελῶν.</em></strong></span> 
     </span>
    </p>

    <p class='ocr_par' dir='ltr' id='par_1_7' title="bbox 922 1723 2437 1820">
     <span class='ocr_line' id='line_1_12' title="bbox 922 1723 2437 1820; baseline 0.003 -24"><span class='ocrx_word' id='word_1_80' title='bbox 922 1723 1063 1815; x_wconf 78' lang='grc' dir='ltr'><strong>ὁρῶ</strong></span> <span class='ocrx_word' id='word_1_81' title='bbox 1110 1723 1176 1796; x_wconf 73' lang='grc' dir='ltr'><strong>δ’</strong></span> <span class='ocrx_word' id='word_1_82' title='bbox 1222 1726 1334 1798; x_wconf 74' lang='grc' dir='ltr'><strong>ἐπ’</strong></span> <span class='ocrx_word' id='word_1_83' title='bbox 1381 1725 1667 1819; x_wconf 76' lang='grc' dir='ltr'><strong><em>ὀμφαλῷ</em></strong></span> <span class='ocrx_word' id='word_1_84' title='bbox 1709 1733 1831 1818; x_wconf 78' lang='grc' dir='ltr'><strong>μὲν</strong></span> <span class='ocrx_word' id='word_1_85' title='bbox 1875 1727 2087 1819; x_wconf 79' lang='grc' dir='ltr'><strong><em>ἄνδρα</em></strong></span> <span class='ocrx_word' id='word_1_86' title='bbox 2132 1739 2437 1820; x_wconf 81' lang='grc' dir='ltr'><strong><em>θεομυσῆ</em></strong></span> 
     </span>
    </p>

    <p class='ocr_par' dir='ltr' id='par_1_8' title="bbox 924 1830 2261 1923">
     <span class='ocr_line' id='line_1_13' title="bbox 924 1830 2261 1923; baseline 0.001 -21"><span class='ocrx_word' id='word_1_87' title='bbox 924 1830 1127 1919; x_wconf 74' lang='grc' dir='ltr'><strong><em>ἕδραν</em></strong></span> <span class='ocrx_word' id='word_1_88' title='bbox 1174 1832 1412 1920; x_wconf 77' lang='grc' dir='ltr'><strong><em>ἔχοντα</em></strong></span> <span class='ocrx_word' id='word_1_89' title='bbox 1455 1831 1990 1922; x_wconf 78' lang='grc' dir='ltr'><strong><em>προστρόπαιον,</em></strong></span> <span class='ocrx_word' id='word_1_90' title='bbox 2037 1838 2261 1923; x_wconf 74' lang='grc' dir='ltr'><strong><em>αἵματι</em></strong></span> 
     </span>
    </p>

    <p class='ocr_par' dir='ltr' id='par_1_9' title="bbox 920 1935 2322 2024">
     <span class='ocr_line' id='line_1_14' title="bbox 920 1935 2322 2024; baseline 0.004 -22"><span class='ocrx_word' id='word_1_91' title='bbox 920 1935 1255 2021; x_wconf 78' lang='grc' dir='ltr'><strong>στάζοντα</strong></span> <span class='ocrx_word' id='word_1_92' title='bbox 1295 1951 1518 2024; x_wconf 82' lang='grc' dir='ltr'><strong><em>χεῖρας</em></strong></span> <span class='ocrx_word' id='word_1_93' title='bbox 1561 1941 1676 2006; x_wconf 86' lang='grc' dir='ltr'><strong>καὶ</strong></span> <span class='ocrx_word' id='word_1_94' title='bbox 1721 1941 2085 2018; x_wconf 74' lang='grc' dir='ltr'><strong><em>νεοσπαδὲς</em></strong></span> <span class='ocrx_word' id='word_1_95' title='bbox 2128 1942 2322 2024; x_wconf 83' lang='grc' dir='ltr'><strong><em>ξίφος</em></strong></span> 
     </span>
    </p>

    <p class='ocr_par' dir='ltr' id='par_1_10' title="bbox 919 2037 2256 2124">
     <span class='ocr_line' id='line_1_15' title="bbox 919 2037 2256 2124; baseline 0.002 -18"><span class='ocrx_word' id='word_1_96' title='bbox 919 2037 1156 2124; x_wconf 77' lang='grc' dir='ltr'><strong><em>ἔχοντα</em></strong></span> <span class='ocrx_word' id='word_1_97' title='bbox 1281 2079 2256 2092; x_wconf 72' lang='lat'>————————</span> 
     </span>
    </p>

    <p class='ocr_par' dir='ltr' id='par_1_11' title="bbox 915 2240 2593 2336">
     <span class='ocr_line' id='line_1_16' title="bbox 915 2240 2593 2336; baseline 0.002 -22"><span class='ocrx_word' id='word_1_98' title='bbox 915 2245 1224 2334; x_wconf 79' lang='grc' dir='ltr'><strong><em>πρόσθεν</em></strong></span> <span class='ocrx_word' id='word_1_99' title='bbox 1267 2249 1338 2314; x_wconf 81' lang='grc' dir='ltr'><strong>δὲ</strong></span> <span class='ocrx_word' id='word_1_100' title='bbox 1383 2240 1674 2335; x_wconf 73' lang='grc' dir='ltr'><strong><em>τάνδρὸς</em></strong></span> <span class='ocrx_word' id='word_1_101' title='bbox 1715 2251 1919 2316; x_wconf 80' lang='grc' dir='ltr'><strong><em>τοῦδε</em></strong></span> <span class='ocrx_word' id='word_1_102' title='bbox 1960 2247 2351 2336; x_wconf 78' lang='grc' dir='ltr'><strong><em>θαυμαστός</em></strong></span> <span class='ocrx_word' id='word_1_103' title='bbox 2396 2248 2593 2336; x_wconf 75' lang='grc' dir='ltr'><strong><em>λόχος</em></strong></span> 
     </span>
    </p>

    <p class='ocr_par' dir='ltr' id='par_1_12' title="bbox 607 2344 2859 3471">
     <span class='ocr_line' id='line_1_17' title="bbox 917 2344 2311 2442; baseline 0.002 -24"><span class='ocrx_word' id='word_1_104' title='bbox 917 2344 1099 2418; x_wconf 77' lang='grc' dir='ltr'><strong><em>εὕδει</em></strong></span> <span class='ocrx_word' id='word_1_105' title='bbox 1145 2354 1488 2437; x_wconf 82' lang='grc' dir='ltr'><strong><em>γυναικῶν</em></strong></span> <span class='ocrx_word' id='word_1_106' title='bbox 1534 2351 1608 2418; x_wconf 80' lang='grc' dir='ltr'><strong>ἐν</strong></span> <span class='ocrx_word' id='word_1_107' title='bbox 1654 2349 2011 2438; x_wconf 80' lang='grc' dir='ltr'><strong><em>θρόνοισιν</em></strong></span> <span class='ocrx_word' id='word_1_108' title='bbox 2055 2345 2311 2442; x_wconf 76' lang='grc' dir='ltr'><strong><em>ἥμενος.</em></strong></span> 
     </span>
     <span class='ocr_line' id='line_1_18' title="bbox 616 2478 2859 2560; baseline 0 -19"><span class='ocrx_word' id='word_1_109' title='bbox 616 2478 783 2555; x_wconf 81' lang='lat' dir='ltr'><strong>Quos</strong></span> <span class='ocrx_word' id='word_1_110' title='bbox 813 2498 1027 2540; x_wconf 81' lang='lat' dir='ltr'><strong>versus</strong></span> <span class='ocrx_word' id='word_1_111' title='bbox 1055 2481 1339 2560; x_wconf 89' lang='lat' dir='ltr'><strong>pictorem</strong></span> <span class='ocrx_word' id='word_1_112' title='bbox 1373 2485 1652 2542; x_wconf 86' lang='lat' dir='ltr'><strong>accurate</strong></span> <span class='ocrx_word' id='word_1_113' title='bbox 1684 2483 1856 2558; x_wconf 89' lang='lat' dir='ltr'><strong>sequi</strong></span> <span class='ocrx_word' id='word_1_114' title='bbox 1888 2481 2157 2542; x_wconf 85' lang='lat' dir='ltr'><strong>videmus</strong></span> <span class='ocrx_word' id='word_1_115' title='bbox 2186 2483 2368 2542; x_wconf 87' lang='lat' dir='ltr'><strong>nullis</strong></span> <span class='ocrx_word' id='word_1_116' title='bbox 2404 2483 2584 2543; x_wconf 89' lang='lat' dir='ltr'><strong>rebus</strong></span> <span class='ocrx_word' id='word_1_117' title='bbox 2616 2483 2859 2543; x_wconf 84' lang='lat' dir='ltr'><strong>aliunde</strong></span> 
     </span>
     <span class='ocr_line' id='line_1_19' title="bbox 613 2584 2857 2664; baseline 0.001 -20"><span class='ocrx_word' id='word_1_118' title='bbox 613 2584 832 2645; x_wconf 88' lang='lat' dir='ltr'><strong>additis</strong></span> <span class='ocrx_word' id='word_1_119' title='bbox 877 2603 1076 2663; x_wconf 88' lang='lat' dir='ltr'><strong>neque</strong></span> <span class='ocrx_word' id='word_1_120' title='bbox 1122 2589 1188 2645; x_wconf 89' lang='lat' dir='ltr'><strong>ut</strong></span> <span class='ocrx_word' id='word_1_121' title='bbox 1231 2584 1297 2645; x_wconf 88' lang='lat' dir='ltr'><strong>fit</strong></span> <span class='ocrx_word' id='word_1_122' title='bbox 1340 2585 1398 2645; x_wconf 91' lang='lat' dir='ltr'><strong>in</strong></span> <span class='ocrx_word' id='word_1_123' title='bbox 1445 2603 1628 2645; x_wconf 93' lang='lat' dir='ltr'><strong>unum</strong></span> <span class='ocrx_word' id='word_1_124' title='bbox 1678 2584 1942 2645; x_wconf 87' lang='lat' dir='ltr'><strong>confusis</strong></span> <span class='ocrx_word' id='word_1_125' title='bbox 1972 2604 2127 2662; x_wconf 88' lang='lat' dir='ltr'><strong>quae</strong></span> <span class='ocrx_word' id='word_1_126' title='bbox 2158 2586 2365 2646; x_wconf 88' lang='lat' dir='ltr'><strong>eodem</strong></span> <span class='ocrx_word' id='word_1_127' title='bbox 2398 2590 2669 2664; x_wconf 88' lang='lat' dir='ltr'><strong>tempore</strong></span> <span class='ocrx_word' id='word_1_128' title='bbox 2700 2586 2857 2647; x_wconf 87' lang='lat' dir='ltr'><strong>facta</strong></span> 
     </span>
     <span class='ocr_line' id='line_1_20' title="bbox 612 2688 2857 2766; baseline 0 -18"><span class='ocrx_word' id='word_1_129' title='bbox 612 2706 743 2749; x_wconf 89' lang='lat' dir='ltr'><strong>esse</strong></span> <span class='ocrx_word' id='word_1_130' title='bbox 797 2706 916 2748; x_wconf 88' lang='lat' dir='ltr'><strong>non</strong></span> <span class='ocrx_word' id='word_1_131' title='bbox 971 2693 1239 2765; x_wconf 79' lang='lat' dir='ltr'><strong>possunt.</strong></span> <span class='ocrx_word' id='word_1_132' title='bbox 1326 2689 1482 2763; x_wconf 80' lang='lat' dir='ltr'><strong>Quin</strong></span> <span class='ocrx_word' id='word_1_133' title='bbox 1539 2689 1715 2748; x_wconf 85' lang='lat' dir='ltr'><strong>etiam</strong></span> <span class='ocrx_word' id='word_1_134' title='bbox 1778 2689 1837 2748; x_wconf 87' lang='lat' dir='ltr'><strong>in</strong></span> <span class='ocrx_word' id='word_1_135' title='bbox 1899 2707 1970 2748; x_wconf 93' lang='lat' dir='ltr'><strong>eo</strong></span> <span class='ocrx_word' id='word_1_136' title='bbox 2030 2689 2225 2766; x_wconf 87' lang='lat' dir='ltr'><strong>pictor</strong></span> <span class='ocrx_word' id='word_1_137' title='bbox 2284 2688 2362 2749; x_wconf 89' lang='lat' dir='ltr'><strong>ad</strong></span> <span class='ocrx_word' id='word_1_138' title='bbox 2421 2695 2656 2766; x_wconf 68' lang='lat' dir='ltr'><strong>poetam</strong></span> <span class='ocrx_word' id='word_1_139' title='bbox 2712 2691 2857 2749; x_wconf 87' lang='lat' dir='ltr'><strong>satis</strong></span> 
     </span>
     <span class='ocr_line' id='line_1_21' title="bbox 609 2791 2856 2870; baseline 0.001 -19"><span class='ocrx_word' id='word_1_140' title='bbox 609 2795 893 2852; x_wconf 88' lang='lat' dir='ltr'><strong>accurate</strong></span> <span class='ocrx_word' id='word_1_141' title='bbox 939 2809 1004 2852; x_wconf 90' lang='lat' dir='ltr'><strong>se</strong></span> <span class='ocrx_word' id='word_1_142' title='bbox 1051 2792 1336 2869; x_wconf 86' lang='lat' dir='ltr'><strong>applicat,</strong></span> <span class='ocrx_word' id='word_1_143' title='bbox 1381 2792 1536 2868; x_wconf 91' lang='lat' dir='ltr'><strong>quod</strong></span> <span class='ocrx_word' id='word_1_144' title='bbox 1585 2811 1697 2868; x_wconf 86' lang='lat' dir='ltr'><strong>pro</strong></span> <span class='ocrx_word' id='word_1_145' title='bbox 1736 2792 1927 2852; x_wconf 88' lang='lat' dir='ltr'><strong>tribus</strong></span> <span class='ocrx_word' id='word_1_146' title='bbox 1957 2791 2406 2868; x_wconf 87' lang='lat' dir='ltr'><strong>Eumenidibus,</strong></span> <span class='ocrx_word' id='word_1_147' title='bbox 2452 2810 2571 2870; x_wconf 86' lang='lat' dir='ltr'><strong>quo</strong></span> <span class='ocrx_word' id='word_1_148' title='bbox 2604 2811 2856 2854; x_wconf 86' lang='lat' dir='ltr'><strong>numero</strong></span> 
     </span>
     <span class='ocr_line' id='line_1_22' title="bbox 611 2893 2855 2972; baseline 0 -18"><span class='ocrx_word' id='word_1_149' title='bbox 611 2894 720 2955; x_wconf 83' lang='lat' dir='ltr'><strong>has</strong></span> <span class='ocrx_word' id='word_1_150' title='bbox 767 2893 911 2955; x_wconf 89' lang='lat' dir='ltr'><strong>deas</strong></span> <span class='ocrx_word' id='word_1_151' title='bbox 957 2898 1021 2956; x_wconf 90' lang='lat' dir='ltr'><strong>et</strong></span> <span class='ocrx_word' id='word_1_152' title='bbox 1064 2895 1243 2971; x_wconf 86' lang='lat' dir='ltr'><strong>Argis</strong></span> <span class='ocrx_word' id='word_1_153' title='bbox 1296 2897 1356 2954; x_wconf 88' lang='lat' dir='ltr'><strong>et</strong></span> <span class='ocrx_word' id='word_1_154' title='bbox 1409 2894 1666 2954; x_wconf 88' lang='lat' dir='ltr'><strong>Athenis</strong></span> <span class='ocrx_word' id='word_1_155' title='bbox 1727 2893 1921 2954; x_wconf 88' lang='lat' dir='ltr'><strong>cultas</strong></span> <span class='ocrx_word' id='word_1_156' title='bbox 1980 2911 2111 2954; x_wconf 86' lang='lat' dir='ltr'><strong>esse</strong></span> <span class='ocrx_word' id='word_1_157' title='bbox 2156 2897 2391 2954; x_wconf 87' lang='lat' dir='ltr'><strong>constat</strong></span> <span class='ocrx_word' id='word_1_158' title='bbox 2410 2893 2459 2967; x_wconf 87' lang='lat'><strong>¹)</strong></span> <span class='ocrx_word' id='word_1_159' title='bbox 2513 2897 2724 2972; x_wconf 86' lang='lat' dir='ltr'><strong>plures</strong></span> <span class='ocrx_word' id='word_1_160' title='bbox 2768 2895 2855 2955; x_wconf 91' lang='lat' dir='ltr'><strong>in·</strong></span> 
     </span>
     <span class='ocr_line' id='line_1_23' title="bbox 615 2997 2850 3074; baseline 0.001 -18"><span class='ocrx_word' id='word_1_161' title='bbox 615 2997 797 3058; x_wconf 79' lang='lat' dir='ltr'><strong>ducit.</strong></span> <span class='ocrx_word' id='word_1_162' title='bbox 884 2998 1216 3059; x_wconf 84' lang='lat' dir='ltr'><strong>Solemnem</strong></span> <span class='ocrx_word' id='word_1_163' title='bbox 1255 2997 1408 3056; x_wconf 88' lang='lat' dir='ltr'><strong>enim</strong></span> <span class='ocrx_word' id='word_1_164' title='bbox 1456 2997 1622 3056; x_wconf 88' lang='lat' dir='ltr'><strong>illum</strong></span> <span class='ocrx_word' id='word_1_165' title='bbox 1657 3014 1967 3056; x_wconf 89' lang='lat' dir='ltr'><strong>numerum</strong></span> <span class='ocrx_word' id='word_1_166' title='bbox 2002 3014 2223 3074; x_wconf 85' lang='lat' dir='ltr'><strong>augere</strong></span> <span class='ocrx_word' id='word_1_167' title='bbox 2254 2997 2475 3056; x_wconf 89' lang='lat' dir='ltr'><strong>nemini</strong></span> <span class='ocrx_word' id='word_1_168' title='bbox 2504 2999 2563 3056; x_wconf 91' lang='lat' dir='ltr'><strong>in</strong></span> <span class='ocrx_word' id='word_1_169' title='bbox 2596 3002 2850 3058; x_wconf 89' lang='lat' dir='ltr'><strong>mentem</strong></span> 
     </span>
     <span class='ocr_line' id='line_1_24' title="bbox 613 3098 2851 3176; baseline 0 -16"><span class='ocrx_word' id='word_1_170' title='bbox 613 3101 819 3160; x_wconf 84' lang='lat' dir='ltr'><strong>venire</strong></span> <span class='ocrx_word' id='word_1_171' title='bbox 864 3101 1061 3176; x_wconf 87' lang='lat' dir='ltr'><strong>potuit</strong></span> <span class='ocrx_word' id='word_1_172' title='bbox 1105 3101 1216 3159; x_wconf 90' lang='lat' dir='ltr'><strong>nisi</strong></span> <span class='ocrx_word' id='word_1_173' title='bbox 1263 3099 1487 3175; x_wconf 87' lang='lat' dir='ltr'><strong>tragico</strong></span> <span class='ocrx_word' id='word_1_174' title='bbox 1534 3103 1766 3175; x_wconf 73' lang='lat' dir='ltr'><strong>poetae,</strong></span> <span class='ocrx_word' id='word_1_175' title='bbox 1812 3098 2037 3158; x_wconf 87' lang='lat' dir='ltr'><strong>scilicet</strong></span> <span class='ocrx_word' id='word_1_176' title='bbox 2081 3103 2148 3159; x_wconf 89' lang='lat' dir='ltr'><strong>ut</strong></span> <span class='ocrx_word' id='word_1_177' title='bbox 2183 3099 2398 3158; x_wconf 88' lang='lat' dir='ltr'><strong>iustum</strong></span> <span class='ocrx_word' id='word_1_178' title='bbox 2432 3099 2851 3160; x_wconf 85' lang='lat' dir='ltr'><strong>choreutarum</strong></span> 
     </span>
     <span class='ocr_line' id='line_1_25' title="bbox 610 3201 2851 3281; baseline 0 -18"><span class='ocrx_word' id='word_1_179' title='bbox 610 3221 921 3265; x_wconf 88' lang='lat' dir='ltr'><strong>numerum</strong></span> <span class='ocrx_word' id='word_1_180' title='bbox 969 3203 1312 3280; x_wconf 86' lang='lat' dir='ltr'><strong>compleret.</strong></span> <span class='ocrx_word' id='word_1_181' title='bbox 1399 3201 1589 3275; x_wconf 77' lang='lat' dir='ltr'><strong>Quem</strong></span> <span class='ocrx_word' id='word_1_182' title='bbox 1623 3207 1865 3262; x_wconf 87' lang='lat' dir='ltr'><strong>secutus</strong></span> <span class='ocrx_word' id='word_1_183' title='bbox 1896 3205 1986 3262; x_wconf 90' lang='lat' dir='ltr'><strong>est</strong></span> <span class='ocrx_word' id='word_1_184' title='bbox 2017 3201 2245 3261; x_wconf 82' lang='lat' dir='ltr'><strong>vasculi</strong></span> <span class='ocrx_word' id='word_1_185' title='bbox 2273 3203 2430 3262; x_wconf 86' lang='lat' dir='ltr'><strong>illius</strong></span> <span class='ocrx_word' id='word_1_186' title='bbox 2460 3205 2671 3281; x_wconf 87' lang='lat' dir='ltr'><strong>pictor,</strong></span> <span class='ocrx_word' id='word_1_187' title='bbox 2717 3222 2851 3263; x_wconf 88' lang='lat' dir='ltr'><strong>cum</strong></span> 
     </span>
     <span class='ocr_line' id='line_1_26' title="bbox 611 3305 2851 3385; baseline 0 -19"><span class='ocrx_word' id='word_1_188' title='bbox 611 3307 710 3368; x_wconf 78' lang='lat' dir='ltr'><strong>vel</strong></span> <span class='ocrx_word' id='word_1_189' title='bbox 756 3306 1262 3385; x_wconf 75' lang='lat' dir='ltr'><strong>sarcophagorum</strong></span> <span class='ocrx_word' id='word_1_190' title='bbox 1309 3306 1713 3366; x_wconf 83' lang='lat' dir='ltr'><strong>Romanorum</strong></span> <span class='ocrx_word' id='word_1_191' title='bbox 1760 3305 2020 3366; x_wconf 85' lang='lat' dir='ltr'><strong>artifices</strong></span> <span class='ocrx_word' id='word_1_192' title='bbox 2067 3305 2285 3365; x_wconf 87' lang='lat' dir='ltr'><strong>trinum</strong></span> <span class='ocrx_word' id='word_1_193' title='bbox 2329 3305 2494 3365; x_wconf 88' lang='lat' dir='ltr'><strong>illum</strong></span> <span class='ocrx_word' id='word_1_194' title='bbox 2542 3325 2851 3367; x_wconf 88' lang='lat' dir='ltr'><strong>numerum</strong></span> 
     </span>
     <span class='ocr_line' id='line_1_27' title="bbox 607 3411 955 3471; baseline -0.009 0"><span class='ocrx_word' id='word_1_195' title='bbox 607 3411 955 3471; x_wconf 87' lang='lat' dir='ltr'><strong>retinerent.</strong></span> 
     </span>
    </p>

    <p class='ocr_par' dir='ltr' id='par_1_13' title="bbox 606 3510 2853 4104">
     <span class='ocr_line' id='line_1_28' title="bbox 779 3510 2851 3591; baseline 0 -18"><span class='ocrx_word' id='word_1_196' title='bbox 779 3514 990 3591; x_wconf 85' lang='lat' dir='ltr'><strong>Longe</strong></span> <span class='ocrx_word' id='word_1_197' title='bbox 1035 3512 1211 3573; x_wconf 82' lang='lat' dir='ltr'><strong>aliam</strong></span> <span class='ocrx_word' id='word_1_198' title='bbox 1257 3510 1545 3572; x_wconf 86' lang='lat' dir='ltr'><strong>rationem</strong></span> <span class='ocrx_word' id='word_1_199' title='bbox 1594 3511 1784 3572; x_wconf 89' lang='lat' dir='ltr'><strong>secuti</strong></span> <span class='ocrx_word' id='word_1_200' title='bbox 1838 3516 1981 3572; x_wconf 89' lang='lat' dir='ltr'><strong>sunt</strong></span> <span class='ocrx_word' id='word_1_201' title='bbox 2038 3511 2283 3571; x_wconf 85' lang='lat' dir='ltr'><strong>alterius</strong></span> <span class='ocrx_word' id='word_1_202' title='bbox 2341 3511 2677 3590; x_wconf 86' lang='lat' dir='ltr'><strong>tertiaeque</strong></span> <span class='ocrx_word' id='word_1_203' title='bbox 2732 3531 2851 3573; x_wconf 89' lang='lat' dir='ltr'><strong>am·</strong></span> 
     </span>
     <span class='ocr_line' id='line_1_29' title="bbox 609 3611 2850 3693; baseline 0 -19"><span class='ocrx_word' id='word_1_204' title='bbox 609 3615 857 3693; x_wconf 86' lang='lat' dir='ltr'><strong>phorae,</strong></span> <span class='ocrx_word' id='word_1_205' title='bbox 887 3615 1202 3692; x_wconf 87' lang='lat' dir='ltr'><strong>utriusque</strong></span> <span class='ocrx_word' id='word_1_206' title='bbox 1233 3614 1620 3686; x_wconf 89' lang='lat' dir='ltr'><strong>Rubustinae,</strong></span> <span class='ocrx_word' id='word_1_207' title='bbox 1650 3615 1930 3691; x_wconf 86' lang='lat' dir='ltr'><strong>pictores.</strong></span> <span class='ocrx_word' id='word_1_208' title='bbox 1997 3613 2264 3687; x_wconf 80' lang='lat' dir='ltr'><strong>Quarum</strong></span> <span class='ocrx_word' id='word_1_209' title='bbox 2299 3613 2547 3687; x_wconf 78' lang='lat' dir='ltr'><strong>altera2)</strong></span> <span class='ocrx_word' id='word_1_210' title='bbox 2578 3611 2850 3676; x_wconf 87' lang='lat' dir='ltr'><strong>Orestem</strong></span> 
     </span>
     <span class='ocr_line' id='line_1_30' title="bbox 611 3715 2853 3795; baseline 0 -18"><span class='ocrx_word' id='word_1_211' title='bbox 611 3718 938 3794; x_wconf 89' lang='lat' dir='ltr'><strong>supplicem</strong></span> <span class='ocrx_word' id='word_1_212' title='bbox 985 3735 1117 3777; x_wconf 92' lang='lat' dir='ltr'><strong>cum</strong></span> <span class='ocrx_word' id='word_1_213' title='bbox 1165 3716 1368 3794; x_wconf 86' lang='lat' dir='ltr'><strong>gladio</strong></span> <span class='ocrx_word' id='word_1_214' title='bbox 1412 3717 1487 3777; x_wconf 88' lang='lat' dir='ltr'><strong>ad</strong></span> <span class='ocrx_word' id='word_1_215' title='bbox 1531 3716 1870 3794; x_wconf 85' lang='lat' dir='ltr'><strong>omphalum</strong></span> <span class='ocrx_word' id='word_1_216' title='bbox 1911 3715 2238 3793; x_wconf 80' lang='lat' dir='ltr'><strong>fugientem</strong></span> <span class='ocrx_word' id='word_1_217' title='bbox 2268 3716 2671 3795; x_wconf 82' lang='lat' dir='ltr'><strong>Pythiamque</strong></span> <span class='ocrx_word' id='word_1_218' title='bbox 2715 3735 2853 3778; x_wconf 88' lang='lat' dir='ltr'><strong>con-</strong></span> 
     </span>
     <span class='ocr_line' id='line_1_31' title="bbox 606 3819 2851 3898; baseline 0 -18"><span class='ocrx_word' id='word_1_219' title='bbox 606 3822 802 3898; x_wconf 82' lang='lat' dir='ltr'><strong>iungit</strong></span> <span class='ocrx_word' id='word_1_220' title='bbox 868 3839 998 3882; x_wconf 89' lang='lat' dir='ltr'><strong>cum</strong></span> <span class='ocrx_word' id='word_1_221' title='bbox 1066 3822 1339 3898; x_wconf 86' lang='lat' dir='ltr'><strong>Apolline</strong></span> <span class='ocrx_word' id='word_1_222' title='bbox 1401 3819 1613 3881; x_wconf 86' lang='lat' dir='ltr'><strong>furiam</strong></span> <span class='ocrx_word' id='word_1_223' title='bbox 1683 3821 2045 3898; x_wconf 85' lang='lat' dir='ltr'><strong>repulsante.</strong></span> <span class='ocrx_word' id='word_1_224' title='bbox 2156 3819 2349 3881; x_wconf 84' lang='lat' dir='ltr'><strong>Adest</strong></span> <span class='ocrx_word' id='word_1_225' title='bbox 2415 3821 2590 3880; x_wconf 89' lang='lat' dir='ltr'><strong>etiam</strong></span> <span class='ocrx_word' id='word_1_226' title='bbox 2656 3821 2851 3881; x_wconf 85' lang='lat' dir='ltr'><strong>Diana</strong></span> 
     </span>
     <span class='ocr_line' id='line_1_32' title="bbox 609 3923 2848 4001; baseline 0 -18"><span class='ocrx_word' id='word_1_227' title='bbox 609 3942 740 3984; x_wconf 91' lang='lat' dir='ltr'><strong>cum</strong></span> <span class='ocrx_word' id='word_1_228' title='bbox 789 3924 975 3986; x_wconf 87' lang='lat' dir='ltr'><strong>fratre</strong></span> <span class='ocrx_word' id='word_1_229' title='bbox 1023 3925 1358 3986; x_wconf 78' lang='lat' dir='ltr'><strong>coniuncta.</strong></span> <span class='ocrx_word' id='word_1_230' title='bbox 1445 3924 1590 3984; x_wconf 84' lang='lat' dir='ltr'><strong>Cum</strong></span> <span class='ocrx_word' id='word_1_231' title='bbox 1637 3924 1867 3999; x_wconf 82' lang='lat' dir='ltr'><strong>primae</strong></span> <span class='ocrx_word' id='word_1_232' title='bbox 1911 3923 2237 3999; x_wconf 77' lang='lat' dir='ltr'><strong>amphorae</strong></span> <span class='ocrx_word' id='word_1_233' title='bbox 2280 3923 2477 4001; x_wconf 87' lang='lat' dir='ltr'><strong>pictor</strong></span> <span class='ocrx_word' id='word_1_234' title='bbox 2517 3941 2590 3983; x_wconf 85' lang='lat' dir='ltr'><strong>ea</strong></span> <span class='ocrx_word' id='word_1_235' title='bbox 2619 3927 2848 3983; x_wconf 87' lang='lat' dir='ltr'><strong>tautum</strong></span> 
     </span>
     <span class='ocr_line' id='line_1_33' title="bbox 609 4025 2849 4104; baseline 0 -18"><span class='ocrx_word' id='word_1_236' title='bbox 609 4027 842 4104; x_wconf 87' lang='lat' dir='ltr'><strong>pictura</strong></span> <span class='ocrx_word' id='word_1_237' title='bbox 886 4026 1361 4104; x_wconf 87' lang='lat' dir='ltr'><strong>comprehendit,</strong></span> <span class='ocrx_word' id='word_1_238' title='bbox 1415 4044 1568 4103; x_wconf 85' lang='lat' dir='ltr'><strong>quae</strong></span> <span class='ocrx_word' id='word_1_239' title='bbox 1629 4044 1695 4086; x_wconf 92' lang='lat' dir='ltr'><strong>re</strong></span> <span class='ocrx_word' id='word_1_240' title='bbox 1740 4044 1885 4086; x_wconf 86' lang='lat' dir='ltr'><strong>vera</strong></span> <span class='ocrx_word' id='word_1_241' title='bbox 1940 4025 2148 4086; x_wconf 90' lang='lat' dir='ltr'><strong>eodem</strong></span> <span class='ocrx_word' id='word_1_242' title='bbox 2206 4027 2495 4102; x_wconf 88' lang='lat' dir='ltr'><strong>temporis</strong></span> <span class='ocrx_word' id='word_1_243' title='bbox 2552 4030 2849 4086; x_wconf 87' lang='lat' dir='ltr'><strong>momento</strong></span> 
     </span>
    </p>
   </div>
   <div class='ocr_carea' id='block_1_4' title="bbox 610 4145 1014 4154">
    <p class='ocr_par' dir='ltr' id='par_1_14' title="bbox 610 4145 1014 4154">
     <span class='ocr_line' id='line_1_34' title="bbox 610 4145 1014 4154; baseline 0 1138"><span class='ocrx_word' id='word_1_244' title='bbox 610 4145 1014 4154; x_wconf 95' lang='lat' dir='ltr'><strong> </strong></span> 
     </span>
    </p>
   </div>
   <div class='ocr_carea' id='block_1_5' title="bbox 602 4206 2849 4452">
    <p class='ocr_par' dir='ltr' id='par_1_15' title="bbox 602 4206 2849 4452">
     <span class='ocr_line' id='line_1_35' title="bbox 779 4206 2849 4278; baseline -0.001 -14"><span class='ocrx_word' id='word_1_245' title='bbox 779 4211 823 4277; x_wconf 90' lang='lat'><strong>¹)</strong></span> <span class='ocrx_word' id='word_1_246' title='bbox 857 4209 986 4264; x_wconf 82' lang='lat' dir='ltr'><strong>vid.</strong></span> <span class='ocrx_word' id='word_1_247' title='bbox 1009 4208 1393 4278; x_wconf 80' lang='lat' dir='ltr'><strong>Mitteilungen</strong></span> <span class='ocrx_word' id='word_1_248' title='bbox 1417 4209 1520 4264; x_wconf 85' lang='lat' dir='ltr'><strong>des</strong></span> <span class='ocrx_word' id='word_1_249' title='bbox 1543 4209 1723 4264; x_wconf 85' lang='lat' dir='ltr'><strong>athen.</strong></span> <span class='ocrx_word' id='word_1_250' title='bbox 1746 4207 2001 4274; x_wconf 73' lang='lat' dir='ltr'><strong>Instituta</strong></span> <span class='ocrx_word' id='word_1_251' title='bbox 2017 4207 2097 4262; x_wconf 90' lang='lat' dir='ltr'><strong>IV</strong></span> <span class='ocrx_word' id='word_1_252' title='bbox 2122 4212 2269 4277; x_wconf 80' lang='lat'>1879,</span> <span class='ocrx_word' id='word_1_253' title='bbox 2302 4208 2411 4262; x_wconf 88' lang='lat' dir='ltr'><strong>tab.</strong></span> <span class='ocrx_word' id='word_1_254' title='bbox 2431 4212 2479 4262; x_wconf 89' lang='lat'><strong>9.</strong></span> <span class='ocrx_word' id='word_1_255' title='bbox 2511 4213 2587 4261; x_wconf 83' lang='lat'><strong>10.</strong></span> <span class='ocrx_word' id='word_1_256' title='bbox 2622 4206 2849 4262; x_wconf 86' lang='lat' dir='ltr'><strong>Preller-</strong></span> 
     </span>
     <span class='ocr_line' id='line_1_36' title="bbox 602 4292 2848 4364; baseline 0 -16"><span class='ocrx_word' id='word_1_257' title='bbox 602 4294 820 4350; x_wconf 86' lang='lat' dir='ltr'><strong>Robert</strong></span> <span class='ocrx_word' id='word_1_258' title='bbox 851 4293 1066 4350; x_wconf 85' lang='lat' dir='ltr'><strong>Griech.</strong></span> <span class='ocrx_word' id='word_1_259' title='bbox 1101 4293 1269 4364; x_wconf 86' lang='lat' dir='ltr'><strong>Myth.</strong></span> <span class='ocrx_word' id='word_1_260' title='bbox 1294 4294 1333 4349; x_wconf 91' lang='grc' dir='ltr'><strong>Ι.</strong></span> <span class='ocrx_word' id='word_1_261' title='bbox 1363 4298 1547 4362; x_wconf 84' lang='lat'><strong>837,1.</strong></span> <span class='ocrx_word' id='word_1_262' title='bbox 1617 4293 1885 4348; x_wconf 90' lang='lat' dir='ltr'><strong>Polemon</strong></span> <span class='ocrx_word' id='word_1_263' title='bbox 1919 4292 1982 4347; x_wconf 85' lang='lat' dir='ltr'><strong>fr.</strong></span> <span class='ocrx_word' id='word_1_264' title='bbox 2008 4301 2091 4348; x_wconf 86' lang='lat'><strong>41.</strong></span> <span class='ocrx_word' id='word_1_265' title='bbox 2183 4295 2229 4361; x_wconf 76' lang='lat'><strong>²)</strong></span> <span class='ocrx_word' id='word_1_266' title='bbox 2267 4294 2546 4361; x_wconf 85' lang='lat' dir='ltr'><strong>Expressa</strong></span> <span class='ocrx_word' id='word_1_267' title='bbox 2580 4297 2669 4347; x_wconf 87' lang='lat' dir='ltr'><strong>est</strong></span> <span class='ocrx_word' id='word_1_268' title='bbox 2701 4293 2848 4362; x_wconf 84' lang='lat' dir='ltr'><strong>apud</strong></span> 
     </span>
     <span class='ocr_line' id='line_1_37' title="bbox 606 4379 1579 4452; baseline 0 -16"><span class='ocrx_word' id='word_1_269' title='bbox 606 4379 862 4436; x_wconf 78' lang='lat' dir='ltr'><strong>Jahnium</strong></span> <span class='ocrx_word' id='word_1_270' title='bbox 896 4379 1264 4436; x_wconf 81' lang='lat' dir='ltr'><strong>Vasenbilder</strong></span> <span class='ocrx_word' id='word_1_271' title='bbox 1290 4385 1437 4452; x_wconf 85' lang='lat'><strong>1839,</strong></span> <span class='ocrx_word' id='word_1_272' title='bbox 1461 4380 1504 4447; x_wconf 90' lang='grc' dir='ltr'><strong>Ι,</strong></span> <span class='ocrx_word' id='word_1_273' title='bbox 1536 4385 1579 4436; x_wconf 83' lang='grc'><strong>1.</strong></span> 
     </span>
    </p>
   </div>
  </div>
 </body>
</html>
