3309 5292
2468 471 2588 532 123

521 629 652 725 ἐγώ
699 630 758 706 δ’
801 630 1138 726 ἐτόλμησ’·
1187 632 1586 723 ἐξελυσάμην
1627 632 1921 722 βροτοῦα

516 739 597 808 τὸ
639 734 728 829 μὴ
772 741 1330 827 διαρραισθέντας
1373 739 1466 817 εἰς
1509 737 1727 805 Αἴδου
1769 743 2025 824 μολεῖν.

515 846 617 929 τῷ
660 867 768 909 τοι
812 844 1108 909 τοιαῖσδε
1149 855 1514 930 πημοναῖσι
1558 837 1965 926 κάμπτομαι,

515 943 794 1030 πάσχειν
837 945 958 1031 μὲν
1003 937 1431 1030 ἀλγειναῖσιν,
1478 944 1854 1030 οἰκτραῖσιν
1900 935 1959 1009 ‹5'
2004 943 2191 1010 ἰδεῖν.

519 1045 820 1136 θνητοὺς
864 1041 922 1115 ‹5’
969 1048 1042 1114 ἐν
1088 1047 1298 1135 οἴκτῳ
1342 1049 1646 1132 θέμενος,
1694 1040 1811 1114 εἶτ’
1856 1045 2093 1112 οἴκτου
2136 1057 2363 1130 τυχεῖν

517 1143 642 1218 οὐκ
685 1143 990 1238 ἠξιώθην
1031 1142 1261 1231 αὐτὸς,
1309 1143 1476 1216 ἀλλὰ
1520 1151 1778 1236 νηλεῶς

520 1244 640 1321 ὧδ’
686 1251 1149 1340 ἐρρύθμισμαι,
1196 1255 1358 1340 Ζηνὶ
1405 1249 1725 1340 δυσκλεὴς
1769 1251 1915 1318 θέα.

349 1435 532 1495 Immo
602 1451 761 1494 nunc
824 1433 984 1508 ipsos
1049 1448 1191 1492 suos
1255 1430 1408 1491 filios
1475 1449 1548 1490 ex
1609 1431 1957 1491 mortalibus
2017 1431 2303 1491 matribus
2362 1435 2595 1492 creatos

348 1537 626 1614 Juppiter
685 1535 1018 1595 hominibus
1077 1539 1137 1593 et
1193 1533 1415 1592 lumina
1474 1533 1711 1593 virtutis
1771 1538 1829 1593 et
1891 1533 2097 1594 salutis
2164 1539 2467 1604 auctores,
2504 1535 2596 1594 in-

347 1641 556 1700 stituit.
645 1639 834 1697 Etiam
883 1656 1016 1696 cum
1063 1635 1382 1696 Titanibus
1426 1655 1634 1714 pacem
1684 1636 1838 1710 iniit,
1898 1637 2000 1713 qui
2055 1655 2215 1696 nunc
2262 1639 2373 1714 ipsi
2418 1635 2596 1697 soluti

347 1743 409 1802 in
473 1760 690 1802 scaena
749 1740 982 1800 adsunt.
1078 1740 1272 1800 Totus
1336 1739 1590 1799 mundus
1646 1743 1899 1816 pacatus
1958 1743 2071 1817 est3
2140 1758 2259 1799 non
2322 1758 2593 1800 severum

349 1844 774 1920 crudelemque
804 1848 1142 1921 tyrannum,
1171 1846 1239 1902 ut
1266 1842 1659 1902 Prometheus
1691 1842 2065 1919 clamaverat,
2108 1843 2215 1902 sed
2246 1843 2596 1902 clementem

349 1948 814 2022 gubernatorem
880 1950 1062 2022 atque
1111 1945 1448 2022 benignum
1515 1949 1745 2022 patrem
1806 1945 2083 2023 Juppiter
2152 1963 2217 2004 se
2283 1945 2594 2023 praestitit.

351 2050 520 2109 Unus
565 2050 626 2108 in
669 2049 918 2126 antiquo
965 2047 1101 2108 odio
1147 2049 1556 2125 perseveravit
1598 2048 2011 2108 Prometheus.
2100 2047 2281 2109 Cuius
2325 2048 2415 2107 ira
2460 2048 2597 2107 huic

349 2150 460 2211 toti
519 2155 635 2209 tam
698 2150 871 2210 beato
935 2149 1131 2210 ordini
1193 2168 1390 2209 rerum
1451 2154 1570 2210 tam
1617 2150 1958 2225 periculosa
2002 2154 2069 2209 ut
2112 2149 2402 2224 flectatur,
2463 2148 2598 2225 quis

353 2252 563 2313 melius
627 2251 862 2312 efficere
930 2253 1124 2330 potuit
1189 2271 1366 2330 quam
1425 2252 1654 2324 Castor,
1720 2253 1888 2312 Jovis
1951 2253 2011 2312 in
2076 2253 2354 2312 mortales
2422 2253 2597 2312 bene-

353 2356 650 2416 volentiae
709 2355 1240 2417 luculentissimum
1302 2355 1648 2432 exemplar?
1736 2354 1989 2416 Accedit
2048 2355 2207 2432 quod
2275 2352 2600 2415 similitudo

353 2457 647 2534 quaedam
695 2458 953 2518 Castoris
998 2457 1381 2535 Pollucisque
1442 2457 1880 2518 consuetudine
1940 2477 2072 2518 cum
2119 2459 2479 2519 Prometheo
2542 2460 2601 2516 et

354 2560 614 2620 Chirone
660 2559 993 2638 intercedit,
1038 2579 1214 2637 quam
1257 2561 1319 2619 in
1365 2578 1537 2619 suum
1583 2578 1755 2620 usum
1790 2566 1967 2637 poeta
1997 2567 2349 2621 convertere
2390 2559 2603 2638 potuit.

351 2662 447 2722 Ne
479 2663 698 2723 Pollux
728 2663 889 2739 apud
921 2664 1146 2724 inferos
1179 2681 1414 2740 semper
1447 2667 1797 2736 moraretur,
1844 2663 2052 2724 Castor
2096 2663 2346 2723 alternis
2392 2663 2600 2724 diebus

355 2784 488 2824 cum
534 2765 633 2824 illo
680 2766 790 2825 sub
837 2772 1024 2843 terra,
1079 2766 1178 2825 ille
1226 2784 1360 2826 cum
1408 2765 1652 2826 Castore
1701 2767 1760 2826 in
1806 2766 1971 2827 caelo
2018 2767 2385 2826 morabatur:
2448 2766 2599 2827 simi-

354 2869 492 2929 liter
535 2887 645 2946 pro
691 2868 1046 2929 Prometheo
1092 2872 1414 2928 centaurus
1458 2869 1779 2928 insanabili
1818 2869 2070 2930 vulnere
2116 2870 2399 2930 laborans
2447 2869 2601 2929 ultro

353 2970 429 3029 ad
464 2969 688 3032 Orcum
735 2969 1060 3031 descendit.
1133 2971 1409 3048 Denique
1453 2972 1745 3031 neminem
1791 2972 1945 3049 fugit
1989 2991 2168 3049 quam
2215 2971 2457 3049 egregie
2503 2970 2599 3031 hic

354 3071 598 3133 alterius
644 3071 880 3132 fabulae
925 3073 1118 3132 exitus
1165 3091 1298 3132 cum
1343 3073 1559 3149 prioris
1603 3058 1847 3134 fabulae
1890 3074 2057 3134 initio
2103 3075 2457 3136 consentiat.
2528 3074 2599 3133 In

355 3175 556 3235 Vincti
616 3176 870 3252 prologo
917 3176 1120 3237 Robur
1177 3179 1239 3236 et
1281 3177 1558 3236 Potestas
1616 3177 1899 3236 immania
1960 3177 2204 3237 numina
2247 3175 2603 3255 procedunt,

357 3285 422 3340 ut
465 3278 841 3339 vinciendum
872 3279 1153 3339 'Pitanem
1199 3282 1428 3338 curent.
1503 3281 1570 3338 ln
1603 3279 1796 3340 Soluti
1842 3281 2007 3340 exitu
2040 3281 2251 3341 Castor
2296 3283 2355 3340 et
2385 3279 2601 3340 Pollux

355 3414 438 3422 —
484 3403 620 3444 nam
667 3384 811 3460 quin
857 3382 1157 3443 coniuncti
1201 3381 1298 3443 dei
1345 3387 1411 3442 ut
1465 3384 1524 3442 in
1571 3385 1815 3445 Electra
1858 3385 2213 3462 Helenaque
2258 3383 2602 3461 Euripideis
2662 3374 2668 3380 ⁴

356 3485 658 3563 progressi
722 3487 842 3545 sint
907 3485 1164 3546 dubitari
1232 3487 1438 3562 nequit
1495 3517 1577 3526 —
1610 3470 1712 3545 ¹ad
1768 3487 2122 3549 solvendum
2182 3485 2599 3547 Prometheum

356 3592 710 3664 accurrunt,
769 3579 834 3647 οἱ
878 3584 1192 3670 σωτῆρες,
1255 3579 1319 3647 οἱ
1362 3578 1548 3667 παρὰ
1587 3578 1854 3669 μικρόν,
1914 3590 2130 3665 quibus
2184 3591 2461 3668 epithetis
2508 3607 2600 3648 or-

355 3691 480 3750 nati
529 3710 565 3750 a
596 3690 841 3752 Graecis
887 3692 1252 3751 colebantur.
1327 3691 1498 3765 Quae
1530 3694 1729 3752 omnia
1774 3691 1876 3769 qui
1923 3693 2392 3752 consideraverit
2437 3697 2600 3751 certo

360 3794 576 3870 opinor
622 3812 739 3853 non
784 3793 1030 3854 audebit
1060 3794 1364 3854 Castorem
1411 3813 1576 3854 mera
1621 3795 1847 3871 opificis
1890 3795 2131 3854 libidine
2175 3795 2315 3854 huic
2346 3811 2603 3855 scaenae

360 3897 652 3956 insertum
713 3913 842 3956 esse
903 3895 1226 3968 affirmare,
1293 3915 1426 3956 eum
1486 3897 1723 3957 easdem
1768 3896 1931 3975 apud
1975 3897 2337 3975 Aeschylum
2401 3902 2601 3975 partes

359 3999 639 4059 habuisse
684 4002 949 4060 statuere
994 4016 1114 4059 non
1161 3999 1472 4060 dubitabit.

527 4137 608 4195 At
636 4136 752 4195 iam
785 4134 861 4196 de
892 4135 1056 4194 exitu
1087 4134 1330 4196 fabulae
1361 4135 1681 4197 difficultas
1712 4155 1777 4197 se
1808 4138 1979 4197 nobis
2003 4138 2277 4198 inculcat.
2324 4139 2597 4213 Quonam

361 4236 516 4298 enim
561 4237 736 4298 mo'do
784 4240 964 4314 putas
1007 4238 1424 4298 Prometheum
1470 4237 1722 4298 vinculis
1766 4240 2023 4300 solutum
2083 4237 2255 4300 esse?
2342 4240 2437 4300 An
2497 4241 2600 4300 tibi

359 4339 690 4417 persuades
747 4340 810 4399 id
869 4343 1240 4416 spectatores
1299 4341 1539 4401 omnino
1601 4359 1721 4402 non
1784 4343 1843 4401 in
1904 4360 2120 4402 scaena
2179 4342 2445 4403 vidisse?
2534 4345 2598 4403 In

360 4443 575 4503 Vincto
620 4443 941 4502 simulacro
986 4443 1062 4503 ad
1108 4460 1316 4503 saxum
1361 4442 1543 4505 affixo
1589 4452 1851 4505 actorem
1897 4447 1999 4522 qui
2026 4443 2367 4507 Promethei
2401 4450 2603 4523 partes

461 4556 584 4597 mss.
615 4555 732 4607 phil.
757 4556 867 4598 nai.
893 4556 1024 4598 xm.
2264 4561 2295 4612 9
