3309 5292
628 418 746 496 152'

626 605 787 682 quod
835 605 1044 665 summi
1093 605 1373 666 momenti
1417 623 1546 668 esse
1592 611 1767 684 puto,
1810 603 2043 667 insania
2088 607 2238 683 capi,
2284 603 2422 665 dum
2468 622 2592 664 rem
2640 619 2866 662 sacram

623 706 782 767 facit.
884 708 1035 768 Nam
1098 708 1213 768 hoc
1272 708 1497 768 indicat
1558 713 1791 787 patera,
1855 727 2030 786 quam
2086 708 2264 769 ramis
2309 707 2553 784 myrteis
2598 708 2870 765 ornatam

625 810 839 870 mulier
869 812 932 870 in
963 811 1014 871 A
1064 812 1234 888 gerit,
1279 810 1515 872 fasceae
1561 830 1766 873 sacrae
1812 830 1849 871 a
1886 831 2039 873 zona
2069 812 2234 889 regis
2266 808 2679 887 dependentes
2708 807 2770 867 in
2804 808 2869 878 Β,
2974 892 2981 900 1

623 933 756 992 ara,
817 914 987 975 cuius
1045 915 1105 974 in
1166 914 1483 991 superficie
1544 915 1780 974 flamma
1838 915 2083 975 incensa
2146 918 2263 991 est,
2324 917 2383 974 et
2442 911 2660 988 hydria
2705 911 2869 970 humi

620 1015 851 1094 iacens,
916 1036 1035 1093 qua
1100 1035 1314 1092 aquam
1387 1020 1679 1077 sacratam
1748 1016 1823 1077 ad
1884 1010 2197 1095 χέρνιβας
2264 1016 2614 1076 destinatam
2684 1015 2869 1073 conti·

623 1117 750 1178 neri
811 1123 1091 1197 apparet,
1152 1119 1212 1178 in
1259 1118 1321 1179 C.
1424 1121 1636 1196 ltaque
1681 1119 1844 1179 hunc
1888 1118 2015 1178 fere
2060 1118 2122 1178 in
2168 1118 2403 1178 modum
2449 1119 2867 1193 argumentum

623 1221 769 1281 illud
819 1221 981 1299 quod
1029 1221 1292 1298 pictores
1335 1226 1473 1281 ante
1519 1222 1731 1282 oculos
1762 1221 2094 1293 habuerint,
2139 1220 2551 1281 restituamus:
2596 1218 2672 1279 ad
2705 1237 2867 1277 aram

623 1323 821 1385 stabat
863 1324 1182 1402 Lyeurgus
1243 1343 1442 1385 coram
1503 1323 1728 1384 familia
1785 1325 1898 1386 deo
1945 1322 2180 1384 cuidam
2227 1323 2694 1392 sacrificaturus3
2754 1323 2866 1381 iam

621 1427 860 1487 victima
923 1425 1336 1488 adducebatur
1395 1434 1455 1487 et
1513 1445 1618 1488 rex
1681 1428 1996 1504 bipennem
2056 1427 2115 1486 in
2180 1445 2356 1486 manu
2416 1425 2682 1499 tenebat,
2746 1443 2869 1501 qua

620 1533 860 1590 taurum
907 1529 1256 1608 immolaret,
1300 1547 1432 1589 cum
1479 1534 1731 1606 repente
1774 1531 1970 1607 Lyssa
2015 1547 2341 1590 occurrens
2386 1546 2589 1605 regem
2627 1528 2867 1587 stimulo

620 1631 952 1710 instigavit,
1012 1637 1078 1692 ut
1137 1636 1333 1692 mente
1391 1632 1683 1693 alienatus
1740 1631 1981 1710 bipenni
2028 1633 2221 1710 ipsum
2267 1631 2449 1692 filium
2497 1648 2868 1708 uxoremque

621 1735 939 1796 occideret.
1035 1737 1104 1795 111
1158 1736 1482 1814 propatulo
1528 1753 1659 1796 esse
1703 1734 1945 1795 videtur
1989 1753 2189 1812 regem
2238 1738 2435 1795 mente
2482 1736 2863 1795 obcaecatum

618 1839 802 1899 filium
872 1857 982 1915 pro
1047 1838 1240 1899 hostia
1308 1839 1609 1915 habuisse,
1678 1840 1842 1898 velut
1898 1838 2112 1916 Agaue
2168 1839 2497 1898 Pentheum
2565 1841 2865 1914 tamquam

623 1941 854 2002 leonem
902 1940 1203 2013 dilacerat,
1250 1941 1551 2002 Pentheus
1593 1946 1831 2001 taurum
1863 1959 1974 2018 pro
2006 1939 2180 2018 Lydo
2210 1945 2407 2012 vexat,
2453 1942 2865 2018 Agamemnon

623 2061 860 2103 cervam
907 2063 1017 2120 pro
1062 2042 1184 2102 filia
1230 2047 1424 2104 necat.
1511 2043 1791 2104 Attamen
1839 2048 1899 2105 et
1942 2045 2242 2121 Hyginus,
2287 2063 2464 2121 quem
2496 2042 2643 2104 satis
2674 2042 2865 2102 simile

619 2148 1038 2223 argumentum
1086 2145 1404 2222 protulisse
1449 2145 1606 2205 infra
1650 2145 2002 2220 videbimus,
2045 2150 2250 2206 narrat
2286 2147 2633 2223 Lycurgum
2680 2143 2863 2203 filium

620 2267 988 2326 uxoremque
1057 2268 1165 2326 pro
1233 2249 1455 2309 vitibus
1521 2249 1830 2328 habuisse,
1903 2268 2052 2326 quas
2118 2268 2254 2310 cum
2322 2249 2599 2309 excidere
2664 2248 2867 2324 vellet,

621 2369 822 2428 regem
883 2350 1163 2411 familiam
1225 2351 1535 2424 occidisse,
1597 2355 1658 2412 et
1710 2353 1767 2410 in
1817 2352 2107 2429 amphora
2151 2353 2200 2412 B
2245 2371 2353 2412 rex
2399 2352 2573 2412 domo
2620 2368 2684 2411 se
2729 2370 2865 2428 pro-

620 2453 848 2529 ripiens
906 2453 1084 2513 vitem
1146 2455 1205 2513 in
1248 2473 1444 2514 manu
1504 2458 1689 2514 tenet.
1790 2454 1958 2529 Quae
2017 2455 2267 2531 vestigia
2320 2455 2368 2513 si
2415 2455 2746 2530 sequimur,
2804 2452 2863 2511 id

622 2574 862 2632 quoque
927 2557 1174 2634 cogitari
1242 2560 1467 2634 potest,
1532 2557 1684 2617 vites
1744 2561 1994 2634 repente
2053 2558 2218 2616 iuxta
2277 2574 2437 2616 aram
2500 2557 2867 2633 prosiluisse,

621 2677 752 2718 cum
815 2660 928 2718 iam
984 2677 1094 2720 rex
1145 2656 1464 2736 bipennem
1511 2662 1773 2731 teneret,
1834 2677 1955 2737 quo
2001 2663 2246 2736 aspectu
2294 2659 2610 2720 barbarum
2659 2659 2736 2719 de
2781 2659 2863 2718 in-

619 2760 756 2822 festi
815 2761 910 2821 dei
974 2766 1270 2839 potestate
1329 2762 1696 2822 admonitum
1758 2761 1961 2822 furere
2021 2762 2291 2841 coepisse
2346 2766 2407 2822 et
2462 2781 2594 2823 cum
2641 2762 2864 2822 vitibus

619 2864 791 2925 simul
835 2863 1019 2924 filium
1066 2883 1310 2942 quoque
1356 2870 1416 2925 et
1459 2883 1709 2926 uxorem
1754 2866 2138 2942 percussisse.

789 2987 956 3046 Haec
1020 2986 1216 3046 omnia
1281 2985 1653 3063 tragoediam
1718 2985 1992 3046 redolere
2051 2988 2332 3063 apparet,
2399 3004 2555 3062 quae
2616 3003 2864 3063 prorsus

619 3087 885 3148 similiter
929 3089 1004 3148 ab
1050 3089 1162 3148 hac
1207 3089 1446 3165 quidem
1494 3093 1666 3167 parte
1710 3090 1983 3150 instituta
2028 3088 2209 3148 fuerit
2254 3106 2498 3148 necesse
2544 3093 2637 3147 est
2682 3092 2864 3165 atque

619 3191 903 3251 Herculis
947 3191 1254 3268 Euripidei
1317 3190 1513 3252 media
1569 3211 1712 3271 pars
1773 3211 1830 3251 v.
1862 3195 2260 3253 823—1015.
2361 3190 2683 3268 Lycurgus
2729 3208 2861 3250 cum

620 3293 697 3354 ad
744 3293 1204 3355 sacrificandum
1254 3297 1475 3372 regiam
1523 3296 1844 3372 introisset,
1887 3296 2082 3371 Lyssa
2114 3296 2172 3354 in
2207 3294 2476 3353 machina
2505 3295 2798 3371 processit
2817 3287 2865 3371 ¹)

621 3399 833 3458 comite
881 3398 1205 3475 Mercurio,
1263 3417 1440 3475 quem
1501 3398 1562 3458 in
1609 3399 1654 3458 O
1700 3403 1760 3458 et
1806 3400 1854 3457 E
1901 3398 2187 3458 videmus.
2290 3397 2571 3457 Mercurii
2616 3415 2863 3457 munere

617 3501 778 3579 apud
834 3500 1176 3578 Euripidem
1239 3502 1349 3561 Iris
1405 3499 1705 3578 fungitur,
1764 3518 1896 3559 cum
1954 3499 2202 3560 Iunonis
2262 3501 2425 3560 iussu
2473 3501 2667 3577 Lyssa
2713 3501 2864 3559 Her·

620 3603 810 3662 culem
858 3604 1122 3663 accedat.
1221 3604 1414 3680 Lyssa
1459 3607 1779 3680 postquam
1827 3594 2014 3662 choro
2059 3602 2348 3662 indicavit
2390 3621 2427 3661 a
2472 3621 2593 3678 quo
2638 3605 2699 3662 et
2742 3620 2863 3679 quo

620 3705 866 3765 consilio
912 3707 1092 3767 missa
1136 3707 1227 3778 sit,
1273 3707 1331 3767 in
1377 3707 1602 3784 regiam
1650 3709 1943 3783 penetrat.
2031 3705 2314 3782 Sequitur
2360 3707 2524 3765 chori
2566 3706 2861 3766 canticum

620 3807 782 3884 quod
826 3807 932 3868 filii
979 3808 1284 3869 morientis
1330 3810 1594 3869 clamore
1637 3808 2111 3885 interrumpitur.
2198 3810 2352 3868 Tum
2392 3827 2424 3869 e
2454 3807 2615 3886 regis
2645 3807 2863 3867 familia

619 3910 859 3988 quidam
894 3911 1184 3988 procedit,
1218 3914 1284 3970 ut
1314 3912 1580 3989 Lycurgi
1610 3929 1814 3971 casum
1846 3914 2108 3971 enarret.
2183 3910 2327 3971 Cum
2361 3911 2421 3971 in
2450 3911 2505 3969 A
2538 3912 2865 3987 mulierem,

618 4031 775 4089 quae
819 4016 1087 4089 pateram
1136 4017 1310 4072 antea
1355 4018 1648 4089 tenuerat,
1691 4011 2018 4090 fugientem
2066 4031 2382 4073 cernamus
2414 4019 2474 4073 et
2504 4014 2563 4072 in
2596 4014 2644 4072 B
2676 4012 2865 4072 altera

619 4116 824 4192 utique
884 4116 1096 4175 mulier
1153 4116 1290 4176 item
1357 4135 1428 4176 ac
1487 4135 1591 4176 rex
1639 4115 1925 4176 domo-se
1970 4118 2278 4194 proripere
2322 4115 2632 4193 videatur,
2694 4134 2867 4196 cane-¹

790 4330 832 4398 ¹)
869 4329 1132 4384 Nimirum
1177 4330 1247 4384 ad
1291 4344 1523 4384 scaenae
1561 4330 1873 4398 exemplum
1910 4330 2089 4398 pictor
2123 4329 2415 4398 amphorae
2450 4330 2501 4383 A
2539 4331 2772 4398 Lyssam
2808 4329 2865 4381 in

617 4419 766 4469 tecto
803 4415 1112 4469 collocavit.
