3309 5292
629 433 750 493 134

789 604 997 663 Restat
1039 601 1386 662 difficillima
1430 605 1702 682 quaestio
1764 623 1884 681 qua
1937 605 1994 664 in
2042 601 2335 665 solvenda
2390 621 2520 662 cum
2569 601 2862 680 fragmen·

618 707 809 766 torum
858 712 980 766 tum
1029 711 1547 768 monumentorum
1610 725 1726 783 ope
1787 726 2034 784 prorsus
2080 706 2346 767 destituti
2402 723 2533 766 esse
2578 704 2866 783 videmur,

619 828 882 886 quonam
929 809 1104 870 modo
1150 811 1371 870 exitum
1419 809 1655 869 fabulae
1698 815 1877 887 poeta
1906 811 2191 869 effecerit.
2278 810 2492 886 Neque
2522 809 2674 869 enim
2707 810 2864 869 Tan·

617 912 737 973 talo
784 914 1052 990 contigit,
1095 916 1159 973 ut
1203 913 1380 973 filiam
1429 931 1501 972 ex
1546 913 1823 989 sepulcro
1870 913 2128 990 eliceret,
2175 931 2369 989 neque
2400 916 2596 971 tamen
2629 911 2862 972 Niobae

626 1016 799 1076 licuit
857 1017 916 1076 in
971 1016 1283 1077 orchestra
1338 1033 1646 1075 remanere
1708 1035 1842 1075 cum
1903 1015 2119 1076 chorus
2178 1033 2452 1076 scaenam
2507 1015 2865 1092 reliquisset.

622 1118 754 1192 Qua
801 1118 874 1178 de
921 1137 986 1178 re
1032 1118 1176 1196 quid
1219 1119 1466 1178 sentiam
1513 1137 1632 1178 non
1666 1119 1795 1178 sine
1826 1119 2223 1178 haesitatione
2254 1118 2513 1195 quadam
2545 1117 2864 1195 proferam,

616 1239 748 1280 cum
798 1221 1066 1298 opinioni
1130 1240 1294 1282 meae
1355 1221 1468 1280 viri
1527 1225 1587 1280 et
1645 1220 1915 1281 doctrina
1976 1226 2035 1281 et
2094 1222 2336 1298 ingenio
2381 1221 2861 1281 excellentissimi

615 1325 942 1383 auctoritas
1003 1323 1212 1384 obstet.
1302 1324 1454 1383 Nam
1523 1341 1695 1399 quem
1763 1324 1956 1384 locum
2021 1321 2392 1396 Nanckius¹)
2441 1322 2514 1382 ab
2561 1322 2861 1401 Aeschylo

618 1424 1017 1498 abiudicavit,
1091 1425 1546 1503 relinquendum
1613 1443 1745 1486 esse
1819 1431 2031 1502 poetae
2100 1423 2507 1486 demonstrare
2582 1425 2859 1485 conabor.

617 1528 918 1606 Diogenes
939 1529 1220 1589 Laertius
1251 1529 1403 1589 enim
1436 1528 1617 1588 habet
1649 1529 1797 1588 haec
1820 1527 1897 1588 de
1922 1531 2159 1588 Zenone
2184 1527 2539 1604 philosopho
2564 1521 2701 1604 (VII
2727 1525 2861 1599 28):

613 1622 924 1689 ἐτελεύτα
971 1624 1042 1689 δὲ
1086 1615 1323 1700 οὕτως.
1411 1622 1485 1688 ἐκ
1530 1625 1648 1711 τῆς
1693 1627 1937 1709 σχολῆς
1980 1615 2203 1689 άπιών
2246 1623 2700 1708 προσέπταισε
2746 1623 2859 1687 καὶ

615 1722 738 1792 τὸν
785 1723 1126 1793 δάκτυλον
1169 1727 1576 1812 περιέρρηξε.
1664 1727 1906 1804 παίσας
1939 1726 2010 1792 δὲ
2037 1723 2163 1815 τὴν
2207 1728 2337 1812 γῆν
2365 1729 2447 1810 τῇ
2487 1726 2654 1810 χειρὶ
2700 1727 2861 1811 φησὶ

619 1821 699 1894 τὸ
745 1827 820 1894 ἐκ
864 1832 984 1914 τῆς
1027 1826 1281 1916 Νιόβης

1276 1980 1565 2068 ἔρχομαι,
1611 1983 1677 2048 τί
1719 1975 1787 2068 μ’
1832 1975 2014 2060 αὔεις
2027 2008 2049 2060 ,-

617 2143 786 2217 Quae
833 2143 1018 2204 verba
1078 2162 1212 2203 cum
1260 2143 1336 2203 ad
1381 2144 1665 2221 Aeschyli
1714 2142 1974 2203 fabulam
2021 2143 2349 2204 rettulisset
2394 2140 2863 2220 Hermannus2),

620 2247 919 2306 Timothei
981 2246 1358 2323 dithyrambo
1421 2247 1692 2307 attribuit
1751 2245 2062 2306 Nauckius
2120 2245 2299 2305 allato
2358 2245 2487 2305 loco
2549 2246 2861 2306 Machonis

619 2349 781 2426 apud
813 2349 1190 2410 Athenaeum
1237 2350 1376 2409 VIII
1423 2370 1481 2427 p.
1513 2352 1634 2410 341
1653 2349 1725 2410 C:
1772 2329 1808 2406 ὃ
1850 2341 2180 2426 Τιμοθέου
2215 2337 2468 2426 Χάρων
2513 2337 2861 2426 σχολάζειν

616 2437 746 2511 οὐκ
793 2444 870 2534 ἐᾷ
918 2444 1045 2510 οὐκ
1088 2449 1205 2533 τῆς
1247 2438 1523 2532 Νιόβης,
1562 2457 1812 2529 χωρεῖν
1857 2443 1927 2510 ’δὲ
1972 2433 2297 2529 πορθμίδ’
2344 2434 2622 2523 άναβοᾶ,
2667 2448 2861 2509 καλεῖ

614 2547 683 2612 δὲ
727 2560 926 2632 μοῖρα
973 2544 1216 2632 νύχιος.
1308 2554 1477 2628 Quae
1523 2555 1820 2615 sententia
1865 2554 1978 2612 viri
2026 2553 2349 2614 doctissimi
2389 2555 2500 2612 etsi
2532 2552 2721 2629 primo
2753 2554 2855 2613 ob·

611 2663 744 2720 tutu
789 2659 934 2718 satis
979 2657 1242 2734 adridet,
1295 2664 1491 2718 tamen
1542 2676 1759 2717 vereor
1806 2660 1871 2717 ut
1923 2662 2081 2717 stare
2126 2655 2330 2733 possit.
2421 2656 2594 2730 Quod
2642 2660 2708 2716 ut
2754 2655 2859 2716 de-

613 2766 932 2821 monstrem
982 2761 1182 2837 paullo
1228 2761 1463 2838 longius
1510 2764 1792 2838 repetam.
1884 2760 2252 2836 Quamquam
2287 2759 2556 2836 vulgaris
2588 2758 2790 2819 fabula
2822 2779 2857 2818 a

613 2863 950 2924 clarissimis
1008 2866 1198 2941 poetis
1258 2865 1558 2924 celebrata
1604 2864 1836 2924 Nioben
1902 2863 1959 2922 ln
2020 2880 2231 2922 saxum
2293 2881 2643 2922 conversam
2706 2880 2858 2938 esse,

613 2965 774 3044 quod
822 2967 882 3025 in
929 2972 1128 3026 monte
1160 2965 1368 3045 Sipylo
1415 2964 1865 3042 ostendebatur,
1911 2965 2212 3038 narrabat,
2258 2970 2457 3026 tamen
2489 2984 2607 3025 non
2641 2964 2860 3024 desunt

611 3068 980 3142 testimonia,
1041 3087 1196 3146 quae
1257 3070 1384 3130 sive
1449 3070 1508 3129 iu
1557 3067 1762 3146 Sipylo
1818 3068 1943 3127 sive
1989 3066 2213 3127 Thebis
2258 3067 2493 3127 Nioben
2541 3067 2859 3144 collocant,

610 3174 936 3233 mutatione
981 3173 1085 3232 illa
1131 3172 1407 3250 neglecta
1469 3172 1670 3248 paullo
1731 3176 1867 3248 post
1909 3169 2229 3230 liberorum
2288 3188 2492 3230 necem
2542 3171 2858 3247 repentina

610 3281 799 3336 morte
858 3276 1122 3352 reginam
1183 3275 1522 3336 defunctam
1584 3293 1716 3335 esse
1772 3273 2157 3335 contendant.
2246 3275 2509 3334 Primum
2565 3274 2858 3334 eiusmodi

610 3379 1009 3438 testimonium
1082 3383 1276 3438 exstat
1342 3379 1636 3438 Timothei
1705 3377 2120 3455 dithyrambus
2178 3376 2439 3438 >Niobe(
2497 3378 2609 3437 iam
2674 3395 2858 3454 supra

610 3487 1137 3559 commemoratus,
1182 3482 1307 3541 cuis
1352 3481 1588 3542 Charon
1636 3481 1904 3556 reginam
1950 3481 2273 3558 increpans
2314 3499 2350 3539 a
2391 3480 2685 3540 Machone
2729 3480 2857 3539 irri-

611 3602 712 3645 sus
758 3588 866 3644 est.
952 3584 1107 3643 Tum
1139 3584 1395 3660 Augusti
1442 3583 1807 3660 temporibus
1847 3583 2168 3660 Antipater
2196 3583 2753 3644 Thessalonicensis
2796 3584 2856 3643 in

612 3690 896 3764 quattuor
941 3687 1212 3747 versibus
1269 3687 1456 3764 ipsam
1503 3686 1736 3746 Nioben
1792 3703 1927 3745 cum
1985 3684 2262 3746 Charone
2321 3686 2662 3763 loquentem
2719 3685 2859 3747 fecit

813 3813 1076 3901 μούναν
1119 3811 1246 3883 σὺν
1287 3817 1551 3894 τέκνοις
1596 3812 2003 3882 νεκυοστόλε
2051 3815 2202 3899 δέξο
2247 3840 2326 3901 με
2371 3818 2684 3900 πορθμεῦ

898 3913 1026 3985 τὰν
1073 3914 1306 3986 λάλον.
1377 3911 1566 4004 άρκεϊ
1608 3935 1716 3985 σοι
1761 3916 2012 4004 φόρτος
2058 3913 2096 3986 ὁ
2152 3919 2575 3996 Τανταλίδος.

602 4134 817 4211 Ἑρμοῦ
855 4136 1202 4205 διδάξαντος.
1273 4138 1559 4210 πεποίηκε
1597 4137 1659 4196 δὲ
1696 4137 1797 4194 καὶ
1832 4137 2019 4194 λίθων
2064 4141 2161 4194 καὶ
2209 4140 2433 4211 θηρίων
2468 4143 2537 4210 (..
2560 4182 2573 4195 .
2594 4180 2606 4194 .
2632 4141 2857 4196 lacunae

611 4227 770 4296 signa
793 4226 982 4296 posuit
1002 4226 1364 4296 Schubartus)
1401 4218 1493 4281 ὅτι
1530 4223 1625 4279 καὶ
1648 4229 1829 4280 ταῦτα
1867 4218 2022 4299 ᾅδων
2046 4216 2151 4295 ἦγε
2177 4231 2235 4281 et
2257 4225 2634 4294 Apollodorus
2652 4226 2735 4280 III
2759 4231 2807 4292 5,
2827 4231 2857 4278 5

596 4305 842 4380 Ἀμφίων
878 4309 938 4368 δὲ
974 4312 1328 4386 κιθαρῳδίαν
1363 4305 1546 4381 ἤσκει,
1582 4306 1787 4374 δόντος
1823 4304 1980 4384 αὕτῷ
2017 4307 2199 4381 λύραν
2224 4302 2452 4378 Ἑρμοῦ.

783 4399 826 4469 ¹)
862 4397 1167 4454 Nauckium
1204 4402 1428 4457 secutus
1465 4403 1554 4454 est
1587 4396 1985 4454 Weckleinius.
2093 4399 2137 4467 ²)
2174 4397 2207 4450 l.
2231 4395 2263 4451 1.
2302 4413 2356 4467 p.
2384 4402 2465 4451 56.
