3309 5292
613 413 733 470 146

605 577 828 654 Orphei
892 582 1137 639 mortem
1202 577 1264 638 in
1333 578 1466 653 ipsa
1523 596 1747 638 scaena
1790 575 2155 654 Aeschylum
2218 575 2653 654 spectatoribus
2712 581 2851 636 ante

605 679 810 743 oculos
868 697 1096 756 ponere
1159 680 1422 757 potuisse
1483 679 1722 740 minime
1781 679 2231 756 negaverimus,
2288 679 2338 738 si
2400 679 2853 750 meminerimus,

605 800 724 860 qua
787 783 1024 843 ratione‘
1081 782 1184 842 vel
1240 780 1566 857 Sophocles
1626 781 1685 841 in
1744 781 1925 841 Aiace
1985 799 2110 840 rem
2170 779 2512 840 instituerit.
2608 781 2853 840 Verum-

604 888 804 946 tamen
879 885 1124 946 chorum
1193 885 1252 944 in
1316 884 1440 944 ulla
1501 883 1819 960 tragoedia
1882 884 1999 942 hoc
2066 882 2240 943 modo
2306 887 2573 943 actorum
2640 901 2855 943 munus

606 988 944 1063 suscepisse
987 1005 1058 1046 ac
1100 987 1163 1045 vi
1207 990 1267 1047 et
1307 987 1489 1046 armis
1531 1004 1653 1046 rem
1688 985 2143 1063 disceptavisse,
2190 991 2253 1045 ut
2283 986 2425 1045 mihi
2454 985 2850 1062 persuadeam

606 1089 706 1150 vix
765 1090 1027 1150 animum
1089 1088 1328 1150 induco.
1434 1089 1618 1148 Immo
1680 1089 1731 1148 si
1789 1088 2057 1148 Bacchas
2110 1087 2415 1164 Euripidis
2472 1088 2855 1164 consulimus,

605 1211 758 1271 quas
806 1193 1000 1253 multis
1047 1191 1238 1252 modis
1283 1211 1318 1250 a
1362 1191 1685 1268 Lycurgea
1729 1190 1994 1266 pendere
2039 1191 2153 1250 iam
2202 1207 2387 1268 supra
2430 1189 2853 1263 intelleximuS,

603 1296 722 1356 alia
765 1296 863 1354 via
894 1295 1066 1355 nobis
1097 1295 1384 1372 aperitur.
1470 1293 1763 1354 Nimirum
1800 1298 1865 1352 ut
1896 1291 2217 1369 Euripides
2246 1291 2513 1352 Bacchas
2546 1293 2854 1368 Asiaticas,

608 1417 684 1459 ex
729 1398 949 1476 quibus
996 1399 1217 1457 chorus
1263 1401 1516 1473 constat,
1559 1414 1596 1455 a
1638 1395 1890 1456 Bacchis
1934 1395 2261 1472 Thebanis,
2320 1413 2474 1472 quae
2519 1397 2851 1456 Pentheum

605 1501 962 1572 dilacerant,
1022 1499 1361 1576 distinguit,
1425 1500 1506 1558 ita
1549 1499 1864 1559 statuimus
1909 1498 2069 1575 apud
2117 1498 2480 1574 Aeschylum
2528 1498 2773 1558 chorum
2822 1517 2855 1559 e

605 1601 1021 1664 Bassaridibus
1064 1603 1344 1663 Asiaticis
1389 1601 1744 1672 constitisse,
1791 1619 1947 1678 quae
1993 1619 2122 1660 cum
2163 1597 2406 1677 Orpheo
2450 1600 2525 1660 de
2557 1601 2853 1677 Apollinis

605 1722 748 1765 vero
781 1703 1021 1764 nomine
1052 1706 1234 1780 atque
1265 1720 1526 1780 persona
1557 1702 1955 1780 disputarent,
1991 1703 2283 1762 Thracias
2312 1720 2455 1762 vero
2487 1703 2855 1782 Bassarides,

605 1825 759 1884 quae
818 1807 955 1866 item
1019 1824 1089 1865 ac
1134 1805 1463 1865 Thebanae
1529 1804 1809 1866 mulieres
1870 1804 2072 1864 divino
2132 1804 2339 1864 furore
2385 1808 2701 1883 corruptae
2747 1825 2856 1882 per

604 1911 949 1986 Pangaeum
1007 1908 1466 1979 baccharentur,
1527 1911 1723 1967 vatem
1772 1927 1808 1966 a
1854 1925 2071 1967 scaena
2116 1911 2409 1968 remotum
2456 1908 2854 1985 discerpsisse.

604 2012 834 2071 Nomen
885 2015 1047 2070 certe
1093 2009 1312 2069 nullam
1361 2007 1770 2070 difficultatem
1819 2009 2025 2080 habet3
2072 2026 2206 2068 nam
2242 1997 2577 2087 βασσάρας
2606 2004 2855 2081 Λυδίας

606 2111 858 2188 Dionysi
903 2112 961 2170 in
1011 2110 1238 2172 Edonis
1284 2112 1602 2188 Lycurgus
1645 2112 1929 2182 irriserat,
1975 2110 2199 2171 eisdem
2246 2114 2442 2171 autem
2490 2098 2852 2190 βασσὰραις

606 2215 782 2274 etiam
831 2213 1100 2274 Bacchas
1144 2214 1434 2275 Thracias
1476 2214 1726 2274 vestitas
1769 2213 1956 2273 fuisse
1989 2213 2404 2292 Etymologico
2452 2215 2669 2290 Magno
2714 2214 2855 2274 edo—

605 2336 810 2378 cemur
854 2337 911 2394 p.
947 2320 1096 2395 195,
1128 2320 1165 2378 5
1212 2311 1523 2394 λέγονται
1569 2306 1896 2395 βασσάραι
1936 2312 2235 2393 χιτῶνες,
2280 2301 2402 2387 οὓς
2446 2305 2747 2393 ἐφόρουν
2790 2307 2858 2374 αἱ

611 2408 893 2501 Θρᾴκιαι
954 2410 1212 2496 βάκχαι,
1316 2420 1530 2480 Totam
1593 2421 1776 2496 igitur
1834 2419 2098 2480 fabulam
2164 2423 2305 2480 ante
2352 2419 2588 2479 domum
2635 2421 2855 2496 regiam

609 2523 846 2583 doctam
910 2540 1042 2582 esse
1103 2527 1276 2599 puto,
1344 2522 1565 2598 Orphei
1635 2527 1881 2582 mortem
1951 2527 2323 2601 spectatores
2388 2528 2448 2582 et
2508 2521 2757 2582 chorum
2824 2541 2857 2582 e

612 2625 801 2685 nuntii
848 2644 951 2686 ore
997 2626 1372 2701 comperisse.

779 2747 946 2805 Haec
1006 2745 1132 2806 fere
1191 2750 1330 2805 sunt
1392 2764 1548 2821 quae
1611 2745 1687 2806 de
1750 2745 2129 2806 Bassaridum
2190 2764 2407 2806 scaena
2460 2751 2643 2823 atque
2686 2765 2857 2823 argu-

609 2853 813 2908 mento
875 2867 993 2908 non
1042 2848 1168 2907 sine
1212 2847 1638 2924 probabilitate
1684 2851 1948 2908 statuere
1995 2865 2171 2926 posse
2218 2849 2355 2907 mihi
2405 2849 2645 2923 vide0r3
2706 2868 2860 2925 quae

607 2951 702 3009 his
794 2950 1080 3010 subiciam
1168 2951 1547 3010 coniecturas
1622 2969 1756 3011 esse
1830 2951 2097 3011 concedo
2170 2951 2431 3011 nondum
2509 2953 2651 3011 satis
2723 2971 2855 3012 con-

607 3053 895 3112 firmatas.
986 3053 1416 3114 Eratosthenes
1465 3054 1867 3112 narrationem
1900 3053 1976 3112 de
2009 3052 2252 3130 Orpheo
2284 3071 2466 3130 supra
2496 3055 2855 3130 exscriptam

609 3156 691 3214 ita
738 3155 1042 3216 concludit
1089 3147 1158 3213 αἱ
1190 3148 1259 3214 δὲ
1292 3151 1557 3215 Μοῦσαι
1587 3151 2086 3233 συναγαγοῦσαι
2116 3148 2224 3234 (sc.
2253 3143 2335 3213 τὰ
2362 3149 2557 3234 μέλη)
2590 3145 2859 3232 ἔθαψαν

605 3251 679 3316 ἐν
743 3265 886 3326 τοῖς
943 3252 1324 3336 λεγομένοις
1388 3247 1822 3336 Λειβήθροις,
1844 3255 1888 3333 ¹)
1951 3277 2107 3334 quae
2165 3258 2349 3317 verba
2401 3277 2508 3318 cur
2552 3258 2627 3317 ad
2674 3259 2854 3318 alium

610 3359 834 3420 fontem
910 3381 1084 3438 quam
1145 3361 1562 3422 antecedentia
1617 3361 1950 3421 referamus
2009 3381 2125 3421 non
2188 3361 2472 3421 habemus
2534 3365 2595 3422 et
2654 3366 2855 3422 nostro

605 3464 738 3523 iure
813 3465 1133 3524 conicimus
1203 3465 1431 3524 Musam
1506 3464 1567 3522 in
1641 3463 1760 3523 fine
1836 3463 2074 3524 fabulae
2144 3469 2442 3524 mortuum
2496 3464 2682 3524 filium
2751 3464 2853 3524 do-

606 3566 826 3626 lentem
888 3567 1272 3643 processisse.
1379 3569 1446 3626 In
1518 3566 1769 3626 eandem
1832 3566 2233 3627 coniecturam
2299 3567 2590 3626 Maassius
2650 3567 2856 3626 incidit

605 3669 786 3729 Rhesi
854 3669 1019 3729 exitu
1087 3668 1318 3728 collato.
1339 3665 1390 3740 2)
1499 3666 1586 3728 At
1653 3668 1812 3728 haud
1879 3669 2000 3728 scio
2066 3687 2145 3728 an
2212 3668 2506 3744 ampliora
2571 3674 2852 3728 excutere

604 3771 793 3830 liceat.
900 3771 1148 3832 Constat
1208 3772 1364 3830 enim
1426 3771 1818 3848 praecipuum
1884 3772 2077 3831 locum
2137 3772 2197 3830 in
2242 3770 2462 3830 fabulis
2507 3769 2582 3830 de
2629 3769 2851 3847 Orphei

604 3891 750 3932 nece
814 3875 1076 3933 tenuisse
1139 3873 1621 3935 narratiunculas
1685 3874 1759 3933 de
1820 3873 1961 3934 fatis
2006 3875 2218 3951 capitis
2261 3874 2532 3946 abscissi,
2594 3873 2850 3950 quaein
2936 3901 2939 3903 Α

602 3973 782 4033 alium
852 3975 1088 4035 modum
1157 3976 1230 4035 ab
1296 3975 1426 4035 aliis
1492 3975 1909 4037 narrabantur.
2020 3975 2361 4036 Cuiusmodi
2425 3975 2677 4036 fabellas
2734 3976 2847 4035 iam

776 4209 819 4278 1)
857 4209 1032 4264 Recte
1074 4210 1323 4264 nimirum
1361 4209 1628 4265 Maassius
1666 4215 1854 4266 monet
1890 4209 2162 4279 (Orpheus
2198 4226 2252 4278 p.
2276 4211 2397 4278 135)
2434 4206 2507 4264 τὰ
2541 4207 2848 4280 Λείβηθρα

603 4294 672 4347 ad
707 4294 1016 4363 Pangaeum
1055 4300 1298 4349 montem
1335 4295 1442 4350 sita
1475 4294 1674 4365 fuisse,
1712 4295 1806 4351 ubi
1841 4295 2091 4364 Orpheus
2128 4295 2329 4350 divinis
2365 4295 2665 4350 honoribus
2700 4295 2843 4350 cole-

603 4378 785 4446 batur3
821 4377 890 4432 cf.
928 4379 1201 4444 Himerius
1237 4380 1326 4434 Or.
1350 4379 1502 4449 XIII,
1526 4387 1573 4434 4.
1712 4383 1755 4449 2)
1790 4381 1971 4435 Maass
2008 4379 2257 4460 Orpheus
2290 4397 2345 4459 p.
2376 4384 2485 4442 139,
