3309 5292
643 395 764 453 144

636 560 712 620 ad
773 577 1059 622 summam
1119 561 1246 621 eins
1305 561 1410 639 qui
1466 561 1737 639 loquitur
1789 561 1967 622 animi
2027 563 2486 623 concitationem
2532 563 2877 623 timoremve

637 662 1096 739 significandum
1165 664 1579 741 inveniuntur,
1642 664 1726 724 ita
1786 663 1906 724 duo
1963 665 2291 725 tetrametri
2348 665 2526 726 facile
2583 666 2700 725 hoc
2760 685 2878 725 uno

638 768 772 826 loco
818 767 1077 826 omnium
1113 766 1397 844 Aeschyli
1439 765 1773 827 fabularum
1822 767 2261 828 continuantur.
2350 769 2659 844 Respicias
2704 769 2879 828 velim

638 870 735 929 hic
766 888 1010 948 qnoque
1038 873 1630 948 poetam-extremam
1662 869 1780 928 vim
1825 887 2204 931 numerorum
2251 888 2592 948 compressa
2635 871 2882 931 alterius

637 990 851 1034 versus
894 973 1074 1034 tertia
1117 990 1368 1034 caesura
1411 970 1823 1033 infirmavisse.

807 1075 1176 1136 Bacchiacus
1239 1076 1586 1136 tetrameter
1652 1075 1832 1134 etiam
1898 1074 1961 1134 in
2019 1074 2138 1134 alio
2198 1075 2481 1152 Aeschyli
2544 1075 2879 1154 fragmento

638 1177 924 1255 occurrit,
985 1176 1145 1255 quod
1209 1177 1449 1238 fabulae
1509 1176 1747 1238 nomine
1809 1195 1931 1238 non
1991 1177 2249 1239 indicato
2294 1177 2633 1238 Macrobius
2684 1178 2884 1241 adfert

636 1280 758 1342 Sat.
800 1282 845 1356 Ι,
893 1284 998 1353 18,
1046 1285 1110 1342 6:
1176 1265 1513 1356 Euripides
1576 1279 1640 1340 in
1705 1279 2015 1356 Licymnio
2084 1280 2419 1355 Apollinem
2486 1279 2884 1355 Liberumque

635 1399 817 1443 unum
861 1383 1227 1458 eundemque
1271 1382 1448 1442 deum
1490 1397 1621 1443 esse
1664 1383 2019 1456 sifflzilicans
2062 1381 2285 1444 scribit
2328 1376 2655 1442 ‘decanta
2693 1373 2883 1460 φιλό-

639 1481 850 1562 δαφνε
894 1474 1126 1562 Βάκχε,
1168 1474 1380 1544 παιὰν
1409 1469 1733 1544 Ἄπολλον
1780 1470 2014 1564 εὔλυρε
2034 1477 2066 1547 ’.
2111 1486 2198 1544 ad
2239 1486 2493 1546 eandem
2522 1484 2883 1546 sententiam

638 1589 978 1665 Aeschylus

942 1683 980 1750 ὁ
1026 1677 1290 1761 κισσεύς
1320 1674 1687 1763 Ἀπόλλων,
1734 1673 1771 1746 ὁ
1819 1680 2143 1767 Βακχεύς,
2190 1678 2226 1749 ὁ
2269 1681 2526 1768 μάντις.

637 1795 816 1856 Hunc
860 1811 1101 1872 quoque
1147 1810 1386 1854 versum
1431 1791 1743 1853 Nauckius
1788 1798 2037 1871 propter
2080 1811 2365 1853 numeros
2408 1793 2486 1853 ad
2531 1793 2884 1854 Bassarides

636 1897 980 1958 coniectura
1023 1895 1271 1970 rettulit,
1314 1894 1375 1954 id
1422 1895 1583 1971 quod
1624 1900 1789 1957 recte
1821 1896 1984 1956 illum
2021 1895 2301 1957 statuisse
2334 1902 2573 1972 praeter
2605 1915 2883 1956 numeros

637 2001 735 2060 vel
779 2000 912 2077 ipsa
955 1999 1252 2059 sententia
1297 1996 1491 2075 docet,
1538 1999 1597 2057 in
1645 2016 1819 2074 quam
1869 2016 2114 2059 necesse
2160 2002 2253 2059 est
2297 1999 2498 2075 paullo
2546 1998 2884 2058 accuratius

637 2101 1018 2180 inquiramus,
1132 2101 1470 2180 Apollinem
1546 2101 1823 2161 nimirum
1896 2100 2012 2160 hoc
2086 2101 2218 2162 loco
2293 2099 2547 2162 eundem
2625 2101 2737 2160 dici
2814 2120 2884 2161 ac

635 2206 968 2282 Dionysum
1036 2222 1108 2265 ex
1175 2205 1324 2281 ipsis
1387 2202 1679 2264 Macrobii
1745 2203 1943 2264 verbis
2009 2203 2156 2263 satis
2221 2205 2434 2264 elucet.
2544 2202 2663 2264 Sed
2723 2205 2882 2280 quod

635 2309 816 2387 vulgo
881 2310 1097 2384 putant
1164 2307 1413 2385 Dionysi
1477 2306 1836 2383 cognomina
1902 2300 1946 2364 o‘
2004 2293 2289 2378 κισσεύς,
2356 2288 2392 2364 ὃ
2452 2293 2776 2383 Βακχεὺς,
2845 2286 2876 2365 ἶ

632 2401 868 2490 μάντις
927 2411 1040 2471 hoc
1095 2428 1273 2471 versu
1319 2409 1395 2470 ad
1439 2408 1782 2487 Apollinem
1831 2408 2069 2487 referri,
2132 2426 2345 2468 vereor
2392 2413 2457 2469 ut
2500 2413 2714 2486 poetae
2758 2427 2885 2471 sen-

637 2515 880 2574 tentiam
929 2516 1092 2572 recte
1138 2513 1575 2591 perspexerint.
1664 2513 1878 2589 Neque
1924 2512 2080 2572 enim
2126 2511 2352 2588 siquid
2382 2511 2557 2571 video
2588 2512 2887 2572 vocabula

637 2604 672 2676 ὁ
737 2603 999 2687 κισσεύς
1059 2622 1170 2675 ctc.
1231 2615 1306 2674 ab
1358 2599 1733 2688 Ἀπόλλων,
1799 2614 1906 2676 sed
1944 2600 2283 2673 Ἀπόλλων
2328 2614 2402 2674 ab
2451 2614 2537 2675 eis
2582 2615 2887 2676 vocabulis

459 2741 468 2753 ·
579 2745 592 2806 j
635 2720 883 2796 pendet,
944 2739 1140 2795 neque
1200 2720 1309 2778 hoc
1371 2718 1514 2778 dicit
1559 2721 1740 2795 poeta
1781 2710 2047 2793 ‘Ap0110,
2108 2719 2210 2792 qui
2256 2717 2489 2778 hedera
2535 2724 2884 2792 coronatur,

637 2822 770 2881 vino
833 2823 1123 2893 laetatur,
1180 2820 1404 2896 fictura
1450 2821 1825 2895 pronuntiat
1844 2812 1877 2894 ’‚
1938 2819 2044 2881 sed
2100 2821 2296 2897 potius
2358 2819 2471 2880 hoc
2535 2814 2669 2880 ‘ille
2721 2823 2885 2895 deuS,

637 2925 745 2999 qui
797 2925 1026 2983 hedera
1069 2925 1325 2999 quatiet,
1385 2923 1699 2995 Bacchus,
1758 2927 1960 2996 vateS,
2018 2922 2055 2983 i.
2087 2938 2139 2983 e.
2183 2911 2533 2996 Διόνυσος,
2592 2923 2693 2984 hio
2737 2926 2885 2983 deus

639 3021 1037 3102 est,Apollo’.
1135 3027 1366 3088 Chorus
1411 3027 1591 3102 igitur
1637 3061 1717 3070 —-
1766 3045 1898 3085 nam
1947 3025 2113 3087 chori
2158 3026 2307 3087 haec
2353 3026 2540 3086 verba
2584 3044 2715 3088 esse
2760 3046 2886 3087 cer-

639 3130 923 3189 tissimum
970 3133 1063 3189 est
1107 3161 1190 3170 —
1235 3131 1453 3189 clamat
1499 3129 1839 3206 Apollinem
1890 3148 2064 3207 quem
2114 3129 2383 3192 homines
2422 3129 2627 3191 dicant
2656 3131 2883 3191 nullum

641 3233 821 3292 alium
869 3233 1044 3292 deum
1093 3250 1224 3292 esse
1270 3251 1445 3308 quam
1495 3233 1844 3309 Dionysum.

810 3334 934 3393 Iam
997 3333 1371 3394 conferamus
1431 3333 1843 3394 Eratosthenis
1902 3334 1959 3392 in
2023 3333 2457 3394 Catasterismis
2515 3335 2590 3394 de
2643 3334 2887 3412 Orpheo

643 3437 1044 3496 narrationem
1109 3436 1331 3513 xxiv,
1383 3455 1438 3512 p.
1475 3440 1620 3497 140:
1685 3419 1758 3507 ὃς
1816 3420 2126 3513 (Ὀρφεὺς)
2191 3426 2315 3496 τὸν
2370 3430 2492 3515 μὲν
2554 3426 2886 3496 Διόνυσον

643 3523 770 3598 οὐκ
815 3531 1023 3616 ἐτίμα,
1069 3524 1194 3597 τὸν
1240 3531 1310 3598 δὲ
1341 3524 1576 3598 (Ἠλιον
1617 3534 1933 3617 μέγιστον
1972 3536 2114 3598 τῶν
2144 3537 2334 3598 θεῶν
2362 3527 2667 3618 ἐνόμιζεν
2698 3527 2887 3612 εἶναι,

642 3626 724 3700 ὃν
795 3636 907 3701 καί
973 3625 1359 3700 Ἀπόλλωνα
1430 3633 2001 3721 προσηγόρευσεν·
2071 3630 2574 3721 ἐπεγειρόμενός
2638 3661 2708 3702 τε
2774 3640 2889 3725 τῆς

644 3734 890 3815 νυκτὸς
963 3734 1136 3802 κατὰ
1207 3735 1329 3825 τὴν
1404 3735 1703 3826 ἑωθινὴν
1775 3737 1885 3804 ἐπὶ
1952 3735 2028 3804 τὸ
2097 3732 2255 3824 ὅρος
2318 3737 2399 3804 τὸ
2467 3735 2889 3824 καλούμενον

645 3838 993 3926 Πάγγαιον
1036 3831 1247 3905 α’νιών
1289 3841 1660 3926 προσέμενε
1697 3838 1817 3918 τὰς
1847 3833 2197 3922 ἀνατολὰς,
2245 3841 2354 3907 ἵνα
2386 3841 2493 3925 ἴδῃ
2524 3834 2891 3919 τόνἫλιον

644 3944 960 4027 πρῶτον·
1034 3935 1203 4007 ὅθεν
1276 3934 1313 4008 o‘
1389 3938 1715 4019 Διόνυσος
1788 3937 2127 4029 ὀργισθεὶς
2200 3945 2384 4029 αὐτῷ
2458 3940 2707 4028 ἔπεμψε
2772 3940 2892 4021 τὰς

646 4047 1097 4130 Βασσαρὶδας,
1159 4036 1248 4123 ὥς
1305 4063 1509 4131 φησιν
1552 4044 1888 4129 Αἰσχύλος
1934 4039 1970 4111 ὁ
2017 4042 2325 4134 ποιητὴς,
2386 4045 2630 4124 αἵτινες
2676 4037 2892 4112 αὐτὸν

649 4148 1016 4214 διέσπασαν
1080 4149 1192 4212 καὶ
1257 4141 1340 4213 τὰ
1402 4148 1569 4235 μέλη
1637 4149 1989 4234 διέρριψαν
2046 4150 2252 4234 χωρὶς
2307 4145 2595 4214 ἕκαστον
2638 4168 2651 4182 ·
2696 4147 2763 4214 αἱ
2820 4149 2890 4214 δὲ

645 4253 919 4316 Μοῦσαι
949 4253 1448 4336 συναγαγοῦσαι
1471 4248 1743 4335 ἔθαψαν
1763 4251 1876 4317 ἐπὶ
1896 4265 2038 4330 τοῖς
2063 4252 2445 4337 λεγομένοις
2466 4247 2889 4339 Λειβήθροις.

651 4359 822 4442 Quae
877 4378 1051 4447 quam
1115 4365 1244 4431 arte
1291 4379 1423 4430 cum
1472 4379 1684 4432 versus
1727 4361 1886 4423 illius
1931 4362 2227 4432 sententia
2272 4362 2659 4441 cohaereant,
2716 4379 2891 4434 nemo
