3309 5292
597 439 716 499 136

590 607 888 666 ficandum
933 607 1323 685 transtulerit,
1367 627 1444 666 an
1490 608 1690 685 potius
1734 609 1863 686 ipse
1910 608 2244 686 Aeschylus
2290 609 2689 687 pulcherrimo
2734 609 2834 668 illo

592 711 1064 788 gravissimoque
1088 711 1222 771 loco
1255 711 1620 787 tragoediam
1658 714 1982 788 ornaverit,
2026 710 2347 790 Euripides
2371 711 2839 787 Timotheusque

593 832 728 874 eum
761 815 878 874 sint
906 814 1134 874 imitati.
1224 815 1472 875 Numeri
1502 813 1823 891 fragmenti
1856 813 1931 874 ad
1965 815 2334 892 tragoediam
2368 830 2546 891 quam
2588 812 2839 872 maxime

591 917 1025 977 accommodati
1070 921 1226 988 sunt,
1272 917 1399 976 sive
1444 916 1695 976 trimetri
1743 916 1977 976 iambici

1082 1075 1136 1100 υ
1163 1085 1212 1092 --
1236 1073 1367 1100 υ-
1407 1041 1694 1130 ἔρχομαι,
1738 1045 1805 1110 τί
1846 1045 1913 1130 μ’
1956 1037 2164 1124 αὖειςς

594 1178 718 1236 sive
766 1174 1096 1236 dochmiaci

1084 1318 1215 1344 υ-
1258 1283 1547 1374 ἔρχομαι,
1591 1288 1658 1352 τί
1700 1279 1766 1372 μ’
1812 1281 1998 1364 αὔεις
2039 1317 2093 1343 υ
2126 1326 2176 1334 -

593 1416 906 1477 frustulum
954 1419 1061 1475 est.
1148 1415 1301 1474 Puto
1358 1414 1538 1490 igitur
1586 1413 1934 1491 Euripidem
1980 1415 2040 1473 in
2091 1413 2333 1475 Alceste
2379 1416 2638 1491 speciem
2684 1415 2841 1475 clau-

593 1519 758 1578 sulae
803 1517 1035 1578 Niobae
1078 1516 1454 1594 Aeschyleae
1522 1516 1693 1576 nobis
1741 1516 2031 1593 praebere
2079 1521 2259 1593 atque
2306 1523 2551 1578 mortem
2597 1517 2841 1594 reginae

595 1624 963 1698 spectatores
1026 1619 1087 1679 in
1148 1637 1366 1679 scaena
1426 1617 1664 1678 vidisse.
1763 1619 1955 1693 Quam
2018 1620 2373 1680 sententiam
2434 1621 2532 1681 vel
2591 1622 2841 1680 maxime

595 1724 946 1785 confirmant
990 1741 1145 1801 quae
1203 1720 1443 1782 aliunde
1499 1721 1574 1782 de
1619 1723 1783 1782 exitu
1828 1721 2067 1782 fabulae
2112 1724 2305 1783 conici
2349 1727 2617 1801 possunt.
2707 1724 2840 1784 Jam

595 1845 780 1904 supra
825 1827 978 1887 enim
1026 1844 1059 1885 e
1102 1825 1441 1903 fragmento
1491 1828 1610 1886 157
1661 1825 1945 1885 evicimus
1989 1826 2309 1886 Tantalum
2374 1827 2564 1886 solum
2620 1826 2843 1888 infecta

596 1948 660 1990 re
705 1928 1217 2006 Indignabundum
1266 1929 1609 2002 recessisse,
1659 1929 1892 1988 Nioben
1938 1929 2161 1988 Thebis
2207 1931 2582 1990 remansisse.
2671 1930 2842 2004 Quae

596 2031 891 2091 sententia
951 2030 1390 2106 aliquantulum
1453 2030 1539 2089 eis
1600 2049 1839 2107 quoque
1898 2031 2220 2108 probatur,
2279 2050 2433 2108 quae
2492 2033 2843 2092 Eustathius

595 2153 652 2210 p.
689 2137 872 2210 1367,
902 2137 984 2194 20
1031 2131 1204 2193 dicit:
1265 2127 1380 2192 καὶ
1432 2125 1473 2215 ἡ
1519 2123 1829 2213 συμφορὰ
1874 2128 1946 2194 δὲ
2002 2122 2209 2212 αὐτῆς
2262 2124 2433 2194 κατὰ
2482 2129 2605 2213 μέν
2656 2152 2843 2207 τινας

601 2230 678 2296 ἐν
707 2231 945 2318 Λυδίᾳ,
992 2225 1166 2294 κατὰ
1211 2230 1284 2295 δέ
1311 2253 1498 2308 τινας
1543 2231 1617 2296 ἐν
1651 2227 1896 2318 Θήβαις
1940 2232 2256 2315 γενέσθαι
2285 2232 2559 2316 λέγεται.
2617 2237 2845 2315 Σοφο-

596 2336 756 2421 κλῆς
801 2331 871 2398 δὲ
913 2325 1075 2408 τοὺς
1117 2331 1238 2416 μὲν
1281 2333 1526 2409 παῖδας
1570 2324 1778 2420 αὐτῆς
1822 2332 1895 2398 ἐν
1930 2328 2180 2417 Θήβαις
2210 2326 2587 2400 ἀπολέσθαι
2618 2335 2842 2421 φησίν,

599 2428 813 2524 αὐτὴν
857 2435 929 2502 δὲ
974 2436 1064 2513 εἰς
1094 2436 1355 2502 Λυδίαν
1397 2433 1644 2501 ἐλθεῖν.
1735 2444 1947 2502 Mirum
1994 2461 2139 2503 sane
2186 2448 2346 2504 esset
2386 2443 2547 2522 quod
2578 2445 2843 2523 Aeschy-

599 2548 722 2606 lum
769 2545 1120 2607 Eustatbius
1163 2546 1399 2606 silentio
1445 2546 1851 2623 praeterisset,
1897 2547 1945 2605 si
1976 2546 2025 2606 is
2057 2565 2299 2624 quoque
2347 2549 2406 2608 in
2452 2548 2705 2625 patriam
2754 2567 2842 2609 re-

599 2652 798 2726 ginam
831 2649 1035 2709 orbam
1067 2649 1390 2708 recessisse
1421 2648 1707 2709 finxisset.
1782 2649 1941 2722 Quid
1975 2650 2169 2728 ergo?
2244 2649 2391 2711 Cum
2423 2669 2620 2728 neque
2650 2653 2843 2729 ipsum

601 2770 856 2813 scaenae
913 2753 1106 2812 locum
1169 2755 1347 2829 potita
1400 2751 1460 2810 in
1506 2751 1651 2811 Asia
1713 2753 2097 2814 collocaverit
2152 2772 2348 2831 neque
2410 2759 2545 2831 post
2598 2758 2843 2814 mortem

597 2856 923 2915 liberorum
971 2860 1214 2914 matrem
1259 2855 1322 2913 in
1368 2854 1622 2930 patriam
1667 2854 2016 2916 redeuntem
2071 2855 2313 2933 fecerit,
2376 2875 2552 2933 quem
2606 2856 2845 2917 tandem

601 2962 780 3036 putas
826 2957 1046 3017 exitum
1095 2955 1336 3017 fabulae
1380 2956 1610 3018 fuisse?
1700 2958 1922 3022 Narrat
1965 2958 2213 3020 Ovidius
2251 2959 2485 3020 Nioben
2516 2958 2742 3020 Thebis
2785 2959 2846 3018 in

601 3079 808 3119 saxum
873 3063 1155 3120 mutatam
1214 3058 1440 3135 ingenti
1500 3064 1854 3136 tempestate
1922 3061 1980 3120 in
2040 3061 2243 3120 Asiam
2302 3061 2635 3122 traductam
2699 3079 2848 3122 esse.

603 3162 779 3237 Quod
825 3167 972 3239 aput
1016 3161 1381 3239 Aeschylum
1429 3180 1671 3240 quoque
1717 3161 1939 3222 factum
1987 3181 2120 3222 esse
2174 3164 2221 3222 si
2269 3163 2405 3242 quis
2449 3164 2560 3224 sibi
2604 3182 2847 3241 persua-

603 3264 746 3325 dere
795 3266 944 3340 vult,
988 3267 1038 3324 is
1083 3265 1254 3324 nobis
1300 3264 1557 3341 explicet
1589 3283 1833 3325 necesse
1866 3270 1973 3342 est,
2019 3283 2137 3342 quo
2183 3265 2358 3326 modo
2403 3270 2632 3327 tantum
2679 3267 2847 3326 mira-

603 3368 800 3428 culum
847 3369 906 3428 in
954 3386 1173 3429 scaena
1218 3368 1561 3444 Aeschylea
1607 3367 1761 3427 effici
1806 3368 2087 3444 potuerit.
2176 3368 2293 3442 Qui
2338 3387 2481 3428 vero
2528 3369 2673 3428 dicit
2726 3388 2845 3429 non

603 3470 728 3530 suis
772 3471 965 3531 oculis
1009 3475 1383 3548 spectatores
1429 3471 1598 3529 illum
1644 3469 1877 3530 Niobae
1925 3470 2146 3530 exitum
2194 3468 2433 3549 vidisse,
2476 3471 2581 3531 sed
2614 3473 2847 3532 Mercu·

602 3575 750 3634 rium
798 3593 930 3634 eum
977 3573 1328 3651 praedicere
1376 3573 1659 3650 potuisse,
1707 3574 1759 3633 ei
1808 3577 2078 3633 remanet
2123 3572 2459 3650 difficultas,
2506 3593 2625 3651 quo
2671 3574 2849 3635 modo

602 3678 789 3754 ipsam
819 3676 1053 3736 Nioben
1086 3681 1266 3752 poeta
1295 3694 1332 3735 a
1363 3693 1583 3735 scaena
1613 3677 1952 3736 removerit.
2015 3675 2308 3753 Equidem
2338 3682 2484 3755 puto
2517 3677 2850 3755 digniorem

605 3783 664 3839 et
705 3783 836 3840 arte
879 3796 990 3839 sua
1035 3782 1096 3838 et
1139 3779 1346 3838 matris
1392 3778 1603 3838 dolore
1633 3777 1872 3838 fabulae
1906 3778 2129 3838 exitum
2159 3780 2525 3856 Aeschylum
2572 3781 2657 3840 ita
2688 3781 2849 3840 insti-

603 3883 806 3960 tuisse,
851 3885 916 3942 ut
961 3885 1095 3958 post
1137 3881 1326 3960 patris
1371 3899 1674 3942 recessum
1719 3885 1780 3942 et
1825 3887 1961 3959 post
1990 3883 2351 3959 colloquium
2383 3902 2519 3944 cum
2553 3884 2850 3944 Mercurio

607 3985 872 4045 habitum
905 3985 1099 4045 Niobe
1129 4003 1249 4045 non
1281 3986 1602 4046 lamentata
1633 4003 1762 4045 cum
1796 3985 2128 4063 virginibus
2158 4004 2436 4048 scaenam
2469 3988 2851 4065 relinqueret,

604 4087 712 4149 sed
755 4091 846 4148 tot
888 4089 1071 4148 tantis
1116 4088 1356 4148 casibus
1402 4087 1678 4148 confecta
1721 4087 2278 4150 desideratissimam
2325 4095 2573 4151 mortem
2618 4109 2852 4152 occum-

605 4191 792 4267 beret,
837 4209 1056 4269 corpus
1100 4191 1502 4251 exanimatum
1547 4210 1584 4251 a
1630 4191 1815 4252 choro
1863 4210 1895 4251 e
1942 4210 2163 4253 scaena
2206 4199 2632 4255 removeretur.

777 4295 907 4354 Jam
955 4293 1032 4354 ad
1075 4297 1260 4354 totam
1314 4293 1554 4354 fabulae
1607 4295 2096 4372 compositionem
2156 4297 2204 4356 si
2265 4298 2644 4375 respicimus,
2696 4298 2855 4358 inter

605 4395 976 4478 antiquiores
1040 4401 1256 4474 poetae
1330 4397 1677 4474 tragoedias
1743 4417 1873 4458 eam
1940 4398 2317 4460 referendam
2384 4418 2519 4461 esse
2585 4404 2854 4482 apparet.
