3309 5292
667 432 786 490 158

663 618 838 658 mona
881 596 942 658 B
972 597 1112 676 Pp.
1147 604 1305 680 75‚1‚
1371 602 1648 680 Hyginus
1712 604 1843 663 Ast.
1883 595 2089 680 11'21,
2147 622 2299 680 quos
2361 623 2436 664 ex
2496 606 2909 666 Eratosthenis

665 701 1220 763 Catasterismorum
1291 705 1615 782 exemplari
1701 707 1935 782 integro
2019 707 2286 770 hausisse
2360 707 2618 785 epitome
2691 708 2911 768 collata

661 801 822 876 (XIV
860 823 918 882 p.
954 807 1074 866 196
1106 805 1354 879 Robert)
1399 810 1582 881 patet.
1671 808 1790 885 Ipsi
1824 807 2231 884 Pherecydem
2268 810 2663 886 pronuntiant
2706 813 2909 870 aucto·

663 925 807 984 rem,
855 908 1024 967 cuius
1054 909 1456 968 narrationem
1489 909 1690 970 verbis
1721 911 2065 986 interpretis
2094 911 2171 972 ad
2204 911 2271 970 11.
2308 907 2379 970 Σ
2402 914 2527 972 486
2571 912 2910 989 pr·:ofe1am

661 999 827 1078 Ζεὺς
885 1001 958 1066 ἐκ
1019 1006 1145 1068 τοῦ
1204 1007 1426 1090 μηροῦ
1485 1006 1904 1090 γεννηθέντα
1965 999 2296 1072 Διόνυσον
2356 1019 2501 1083 ταῖς
2558 1008 2910 1074 Δωδωνίσι

660 1098 948 1187 νύμφαις
992 1106 1263 1220 τρέφειν
1317 1104 1572 1171 ε’δωκεν
1619 1158 1631 1172 .
1684 1158 1697 1171 .
1748 1159 1759 1170 .
1810 1106 2007 1172 αὐται
2048 1107 2385 1193 θρέψασαι
2417 1105 2541 1173 τὸν
2573 1105 2907 1175 Διόνυσον

657 1200 1012 1291 περιῄεσαν
1054 1227 1180 1273 συν
1219 1199 1426 1293 αύτῷ,
1472 1202 1599 1292 τὴν
1635 1201 2025 1294 ευρεθεῑσαν
2058 1204 2363 1294 ἄμπελον
2402 1206 2544 1276 υ(πὸ
2576 1211 2701 1276 τοῦ
2733 1214 2909 1277 θεοῦ

657 1321 800 1385 τοϊς
885 1299 1286 1394 ανθρώποις
1353 1308 1802 1395 χαριζόμεναι.
1920 1316 2317 1396 Λυκοῦργος
2392 1312 2462 1377 δὲ
2531 1312 2718 1398 μέχρι
2790 1316 2909 1400 τῆς

659 1405 998 1495 θαλάσσης
1059 1413 1419 1494 συνεδίωξε
1479 1409 1603 1477 τὸν
1664 1410 2013 1480 Διόνυσον.
2115 1413 2369 1491 εκείνας
2424 1414 2493 1480 δὲ
2549 1407 2823 1499 ἐλεήσας
2867 1440 2903 1481 ο

641 1508 824 1588 ,Ζεύς
867 1513 1392 1599 κατηστέρισεν·
1437 1504 1478 1602 ἦ
1525 1513 1788 1599 ἱστορία
1831 1511 2016 1601 παρὰ
2064 1512 2427 1600 Φερεκύδῃ.
2504 1523 2665 1582 Idem
2701 1524 2905 1600 paullo

657 1628 794 1698 post
846 1609 1225 1700 Φερεκύδης
1272 1615 1341 1680 δὲ
1394 1609 1581 1680 καθὰ
1637 1617 2030 1702 προείρηται
2074 1613 2191 1693 τὰς
2230 1607 2463 1694 (Υάδας
2506 1618 2906 1695 Δωδωνίδας

657 1713 920 1801 νύμφας
979 1717 1184 1802 φησὶν
1235 1711 1407 1782 εἶναι
1468 1718 1580 1782 καὶ
1626 1714 1961 1784 Διονύσου
2005 1742 2321 1803 τροφους,
2389 1711 2462 1796 ἃς
2518 1743 2906 1805 παρακατα-

655 1818 907 1884 θέσθαι
966 1815 1088 1884 τὸν
1132 1815 1461 1884 Διόνυσον
1529 1823 1610 1902 τῇ
1654 1811 1809 1885 Ἰνοῖ
1865 1816 1972 1886 διὰ
2030 1818 2154 1885 τὸν
2184 1813 2381 1908 (Ἠρας
2441 1818 2679 1904 φόβον,
2744 1813 2905 1888 καθ

658 1944 740 1987 ον
767 1917 1003 2006 καιρὸν
1029 1913 1239 1998 αύτὰς
1270 1922 1381 1985 καὶ
1423 1925 1818 2008 Λυκοῦργος
1862 1922 2156 2005 ἐδίωξεν.
2248 1930 2393 1991 Cum
2426 1931 2669 1990 Homeri
2699 1950 2901 1992 narra-

654 2032 819 2091 tione
850 2030 1259 2108 Pherecydem
1305 2031 1628 2092 concinere
1672 2038 1927 2109 apparet
1972 2049 2170 2109 neque
2216 2051 2576 2110 quemquam
2626 2034 2901 2108 offendet,

655 2133 816 2208 quod
863 2133 1014 2193 alter
1056 2134 1302 2193 Inonem
1350 2133 1502 2193 alter
1533 2133 1833 2194 Thetitem
1881 2135 2307 2210 praetermisit:
2353 2135 2627 2194 neutrius
2672 2136 2903 2196 scilicet

655 2237 945 2295 intererat
974 2239 1155 2294 totam
1191 2234 1449 2296 fabulam
1483 2254 1748 2307 narrare,
1786 2235 1893 2296 sed
1926 2255 1997 2295 ea
2027 2241 2257 2297 tantum
2292 2238 2903 2315 circumscripserunt,

658 2356 814 2414 quae
876 2337 1113 2397 occasio
1171 2338 1487 2414 flagitaret.
1591 2338 1791 2398 Verba
1848 2342 2044 2398 autem
2106 2333 2721 2416 παρακαταθέσθαι
2778 2330 2904 2399 τὸν

655 2428 987 2498 Διόνυσον
1033 2435 1115 2514 τῇ
1174 2423 1328 2498 Ἰνοῖ
1387 2440 1608 2500 nullam
1680 2439 2110 2500 dubitationem
2172 2442 2548 2519 relinquunt,
2616 2443 2761 2519 quin
2828 2441 2901 2502 de

652 2540 882 2602 infante
915 2539 1028 2601 deo
1061 2557 1255 2602 sermo
1287 2543 1376 2601 sit.
1444 2544 1657 2618 Itaque
1688 2541 1841 2602 haee
1870 2561 2113 2619 quoque
2147 2543 2351 2604 fabula
2382 2543 2460 2603 ad
2492 2543 2902 2620 aegritudines

639 2645 903 2722 spectat,
963 2660 1114 2719 quas
1167 2644 1366 2705 infans
1414 2645 1720 2722 Dionysus
1766 2650 2015 2723 propter
2059 2646 2311 2706 Junonis
2360 2646 2719 2706 inimicitiam
2766 2665 2899 2726 per·

653 2764 864 2823 pessus
926 2750 1029 2805 est.
1117 2746 1460 2825 Aeschylus
1504 2747 1731 2825 primus
1776 2765 1809 2808 e
1854 2765 2109 2808 scaenae
2156 2766 2266 2808 usu
2310 2747 2596 2824 puberem
2644 2748 2817 2809 deum
2862 2768 2899 2808 a

654 2848 937 2926 Lycurgo
985 2852 1265 2909 vexatum
1311 2848 1554 2910 finxisse
1599 2849 1851 2910 videtur.

824 2949 1001 3024 Quod
1062 2951 1214 3010 dixit
1272 2954 1570 3012 Homerus
1633 2937 1781 3010 κατ’
1839 2937 2139 3032 ἠγάθεον
2196 2940 2497 3031 Νυσήϊον
2544 2951 2896 3031 Lycurgum

655 3053 750 3113 dei
811 3055 1071 3114 nutrices
1133 3053 1462 3132 fugavisse,
1523 3055 1883 3114 lamentatus
1944 3059 2035 3115 est
2096 3060 2269 3114 vetus
2328 3057 2623 3133 interpres
2682 3057 2898 3115 multas

653 3175 785 3216 esse
831 3158 1028 3232 Nysas
1076 3175 1267 3232 neque
1315 3157 1388 3216 de
1435 3175 1554 3233 quo
1601 3157 1733 3216 loco
1780 3162 1963 3233 poe’ta
2008 3157 2361 3232 cogitaverit
2393 3159 2537 3217 certi
2570 3158 2895 3235 quidquam

653 3259 831 3318 statui
877 3277 1066 3336 posse.
1156 3261 1341 3318 Recte
1406 3259 1501 3318 ille
1562 3259 1801 3336 quidem
1863 3259 1938 3318 de
1985 3260 2199 3337 Nysis;
2262 3279 2435 3336 quem
2496 3279 2640 3320 vero
2702 3260 2893 3320 locum

652 3363 946 3421 Homerus
991 3362 1050 3420 in
1089 3363 1286 3421 animo
1321 3362 1614 3438 habuerit,
1660 3381 1779 3422 non
1824 3362 2195 3440 improbabili
2230 3363 2577 3422 coniectura
2607 3363 2895 3440 indagare

653 3464 809 3522 licet.
899 3465 1053 3522 Nam
1101 3481 1232 3522 cum
1279 3470 1458 3541 poeta
1504 3464 1840 3541 Dionysum
1888 3464 1962 3535 ad
2010 3465 2197 3541 ipsam
2244 3465 2507 3525 Thetida
2551 3465 2894 3542 profugisse

652 3569 880 3642 narret,
945 3566 1005 3624 in
1082 3566 1430 3626 Thessaliae
1494 3566 1614 3626 oris
1682 3586 1805 3627 rem
1873 3571 2062 3626 actam
2131 3585 2262 3626 esse
2322 3572 2484 3628 recte
2546 3568 2832 3628 Maassius
2848 3565 2892 3638 1)

651 3669 896 3739 monuit,
957 3669 1236 3745 quoniam
1284 3669 1599 3729 Thetidem
1663 3688 1779 3729 non
1836 3671 1895 3729 in
1952 3669 2218 3746 qualibet
2268 3675 2441 3747 parte
2487 3669 2729 3745 Oceani,
2787 3671 2892 3729 sed

652 3771 728 3830 ad
776 3771 1014 3848 Sepiam
1061 3773 1404 3848 Magnesiae
1464 3772 1936 3850 promontorium
1999 3773 2299 3832 habitasse
2346 3776 2596 3834 constat.
2701 3774 2891 3846 Quam

564 3868 571 3876 ’
649 3875 1003 3934 sententiam
1049 3874 1283 3935 duobus
1343 3876 1713 3953 argumentis
1776 3875 2127 3936 confirmare
2198 3894 2453 3952 possum.
2556 3877 2707 3936 Nam
2788 3877 2890 3953 qui

649 3977 809 4054 apud
839 3979 1161 4038 Homerum
1186 3979 1452 4054 Lycurgi
1484 3982 1659 4055 pater
1692 3982 2185 4039 commemoratus
2209 3979 2408 4054 Dryas
2439 3978 2601 4055 apud
2634 3977 2891 4038 eundem

648 4073 712 4144 Ξ
735 4083 857 4141 265
908 4080 1298 4157 Lapitharum
1343 4080 1466 4140 dux
1501 4082 1747 4141 occurit.
1780 4082 1948 4141 Licet
1978 4081 2251 4141 nimirum
2286 4099 2583 4158 personae
2616 4079 2890 4140 diversae

647 4183 784 4259 sint,
827 4200 1041 4242 nomen
1091 4186 1254 4242 certe
1301 4183 1375 4242 ad
1414 4184 1785 4244 Thessaliam
1828 4187 2075 4261 spectat.
2162 4186 2314 4244 Tum
2362 4203 2508 4244 vero
2554 4184 2890 4244 memineris

821 4395 862 4467 ¹)
898 4396 1134 4450 Hermae
1170 4401 1301 4451 tom.
1337 4397 1529 4450 XXIII
1564 4414 1618 4466 p.
