3309 5292
2557 405 2689 469 109·

441 574 599 634 facta
653 579 823 654 sunt,
880 576 977 636 hic
1037 577 1234 654 potius
1295 595 1500 636 omnes
1555 577 1787 654 prologi
1842 582 2045 654 partes
2104 579 2450 656 complexus
2504 579 2677 640 simul

439 680 613 739 nobis
660 681 978 740 ostendere
1024 680 1238 740 studet.
1326 681 1478 740 Nam
1525 681 1744 757 Apollo
1789 681 1997 741 furiam
2058 684 2373 759 repulsans
2419 684 2682 759 pertinet

438 781 514 842 ad
563 783 960 842 Eumenidum
1006 801 1220 843 versus
1269 787 1388 844 179
1407 801 1513 843 ss.:

745 925 889 1012 ἔξω,
933 921 1216 1009 κελεύω,
1259 929 1474 994 τῶνδε
1525 926 1859 1014 δωμάτων
1900 925 2101 1012 τάχος

735 1023 1018 1117 χωρεῖτ’,
1066 1025 1580 1098 ἀπαλλάσσεσθε
1623 1036 1971 1116 μαντικῶν
2011 1035 2263 1117 μυχῶν,

738 1132 826 1222 μὴ
871 1137 983 1200 καὶ
1032 1138 1330 1214 λαβοῦσα
1377 1131 1638 1222 πτηνὸν
1684 1127 2017 1222 ἀργηστὴν
2062 1130 2243 1217 ὄφιν,

733 1234 1166 1324 χρυσηλάτου
1213 1233 1554 1322 θώμιγγος
1599 1234 2083 1323 ἐξορμώμενον,

743 1333 904 1425 ἀνῇς
949 1331 1072 1407 ὑπ’
1119 1333 1368 1426 ἄλγους
1409 1332 1640 1426 μέλαν’
1689 1331 1805 1407 ἀπ’
1851 1341 2144 1426 ἐντέρων
2190 1332 2426 1426 άφρόν.

433 1504 514 1563 At
558 1522 678 1581 quo
711 1508 980 1580 tempore
1027 1505 1175 1563 haec
1207 1503 1429 1580 Apollo
1470 1503 1616 1563 dixit
1662 1521 1859 1580 neque
1890 1504 2172 1564 sacerdos
2204 1522 2401 1581 neque
2433 1503 2680 1565 Orestes

430 1607 488 1666 in
535 1625 752 1666 scaena
798 1606 1068 1666 aderant.
1154 1606 1440 1682 Neglexit
1484 1607 1669 1683 igitur
1712 1608 1906 1684 pictor
1938 1607 2204 1667 ordinem
2238 1625 2456 1682 rerum,
2502 1605 2679 1666 simul

434 1711 629 1770 omnia
675 1711 1002 1770 coniunxit.
1092 1709 1266 1783 Quod
1313 1728 1459 1769 vero
1507 1709 1722 1776 furiam
1781 1729 1890 1787 per
1934 1715 2121 1771 totum
2178 1728 2400 1787 corpus
2444 1711 2673 1788 nigram

431 1813 648 1890 pinxit,
705 1812 848 1872 fecit
888 1812 949 1872 id
996 1831 1240 1889 quoque
1287 1813 1650 1890 Aeschylum
1710 1817 1970 1873 secutus.
2059 1813 2188 1873 Illic
2248 1815 2403 1874 enim
2459 1813 2677 1890 Pythia

430 1917 751 1992 perterrita
796 1917 1090 1994 effugiens
1137 1916 1534 1976 Eumenidum
1595 1921 1897 1993 aspectum
1957 1917 2013 1976 in
2062 1933 2283 1976 scaena
2328 1920 2504 1976 antea
2549 1917 2677 1975 iuu-

430 2019 670 2079 sitatum
718 2019 882 2080 hisce
929 2019 1130 2079 verbis
1176 2023 1419 2078 enarrat
1462 2015 1557 2091 (V.
1589 2022 1669 2079 46
1689 2010 1793 2096 ss.)

735 2161 1043 2250 πρόσθεν
1087 2167 1158 2231 δὲ
1201 2156 1492 2250 τάνδρὸς
1534 2166 1742 2230 τοῦδε
1786 2163 2179 2249 θαυμαστὸς
2224 2159 2419 2251 λόχος
2517 2209 2519 2214 ·

734 2263 912 2336 εὕδει
957 2272 1300 2354 γυναικῶν
1346 2269 1420 2334 ἐν
1465 2264 1823 2352 θρόνοισιν
1866 2259 2127 2356 ἥμενος.

735 2365 927 2438 οὗτοι
972 2385 1311 2456 γυναῖκας,
1358 2363 1530 2437 ἀλλὰ
1577 2367 1928 2456 Γοργόνας
1972 2373 2167 2456 λέγω,

734 2465 882 2540 οὐδ’
927 2469 1083 2541 αὖτε
1130 2475 1550 2559 Γοργείοισιν
1595 2471 1847 2540 εἰκάσω
1887 2469 2141 2552 τύποις.

735 2573 916 2643 εἶδόν
959 2571 1114 2643 ποτ’
1157 2570 1284 2664 ἤδη
1337 2578 1592 2654 Φινέως
1637 2578 2090 2662 γεγραμμένας

734 2681 1012 2746 δεῖπνον
1057 2677 1406 2765 φερούσας.
1484 2673 1764 2765 ἄπτεροί
1808 2704 1880 2765 γε
1923 2676 2053 2768 μὴν
2100 2679 2267 2746 ἰδεῖν

732 2775 950 2863 αὗται,
997 2783 1297 2868 μέλαιναι
1343 2777 1408 2850 ‹5'
1453 2783 1518 2862 ἐς
1561 2782 1640 2850 τὸ
1687 2787 1828 2848 πᾶν
1870 2775 2384 2867 βδελύκτροποι.

427 2929 728 3006 Harpyias
773 2927 988 2988 Phinei
1034 2948 1242 2989 cenam
1288 2929 1590 3006 rapientes
1638 2948 1757 2989 non
1800 2933 1866 2989 ut
1913 2948 2054 2990 aves
2087 2930 2311 2990 scilicet
2340 2929 2673 3007 pingebant

425 3031 665 3110 Graeci,
725 3033 936 3108 quales
993 3033 1050 3091 in
1099 3033 1371 3110 sepulcro
1428 3033 1531 3092 illo
1585 3033 1807 3093 Xanthi
1862 3037 2101 3110 reperto
2158 3038 2512 3110 occurrunt,
2566 3033 2669 3093 sed

426 3133 617 3194 forma
661 3153 908 3212 prorsus
954 3135 1232 3210 humana,
1275 3135 1387 3194 alis
1423 3139 1618 3195 tamen
1651 3137 1963 3197 instructa.
2049 3136 2329 3196 Eiusdem
2377 3135 2505 3196 fere
2549 3153 2669 3212 quo

423 3237 674 3299 Orestea
733 3237 912 3298 docta
965 3244 1056 3298 est
1115 3240 1398 3316 temporis
1452 3240 1755 3316 specimen
1815 3242 2012 3299 exstat
2065 3223 2354 3315 amphora
2409 3240 2567 3299 Mon.
2611 3239 2666 3298 d.

424 3343 568 3400 Inst.
615 3342 846 3402 11149:
907 3341 1172 3416 virgines
1216 3341 1486 3401 videmus
1531 3342 1724 3402 alatas
1777 3347 1942 3402 veste
1996 3344 2303 3402 succincta
2347 3340 2669 3418 oribusque

422 3444 575 3503 male
633 3443 994 3504 deformatis.
1013 3441 1058 3516 ¹)
1147 3443 1322 3517 Quod
1385 3446 1444 3504 in
1509 3446 1849 3522 exemplum
1912 3445 2247 3520 Aeschylus
2304 3443 2668 3505 Eumenides

422 3545 676 3618 effinxit,
736 3548 850 3607 nisi
897 3547 1058 3624 quod
1107 3549 1216 3607 alis
1260 3548 1503 3607 remotis
1557 3565 1786 3624 angues
1831 3546 2051 3608 adiecit
2104 3552 2163 3607 et
2216 3551 2402 3608 totum
2451 3566 2668 3625 corpus

421 3649 657 3726 nigrum
705 3649 920 3710 effecit.

589 3771 796 3831 Tertia
853 3769 1111 3848 denique
1156 3769 1511 3849 amphora²)
1569 3770 2038 3848 Clytaemestrae
2094 3771 2362 3831 umbram
2424 3772 2667 3832 exhibet

420 3871 607 3932 furias
645 3875 1078 3956 suscitantem,
1133 3873 1269 3934 dum
1317 3875 1535 3952 Apollo
1599 3893 1795 3935 coram
1851 3893 2058 3935 sorore
2104 3873 2374 3935 Orestem
2419 3874 2497 3934 ad
2544 3893 2665 3934 om-

419 3976 665 4054 phalum
715 3975 1121 4038 considentem
1167 3995 1276 4037 sue
1309 3976 1543 4037 lustrat.
1632 3977 2096 4054 Clytaemestrae
2139 3978 2402 4037 umbram
2436 3980 2665 4037 eterra

667 4207 933 4264 Conteras
969 4225 1066 4263 vas
1102 4208 1348 4264 Atticum
1393 4208 1831 4278 antiquissimum
1866 4207 2115 4277 Aeginae
2160 4213 2463 4278 repertum,
2512 4210 2667 4278 quod

416 4295 621 4363 publici
667 4296 796 4350 iuris
845 4293 977 4350 fecit
1009 4295 1484 4364 Furtwaenglerus
1532 4295 1588 4349 in
1637 4294 1806 4350 diario
1842 4295 2256 4364 archaeologico
2298 4299 2443 4363 1882,
2479 4312 2532 4363 p.
2566 4299 2661 4349 197

416 4384 465 4451 ²)
501 4381 816 4436 Overbeck:
867 4381 1104 4437 Gallerie
1138 4381 1452 4438 heroischer
1495 4381 1806 4436 Bildwerke
1842 4381 2031 4434 XXIX
2075 4386 2150 4435 12.

2286 4483 2356 4540 δῦ
