<?xml version="1.0" encoding="UTF-8"?>
<!DOCTYPE html PUBLIC "-//W3C//DTD XHTML 1.0 Transitional//EN"
    "http://www.w3.org/TR/xhtml1/DTD/xhtml1-transitional.dtd">
<html xmlns="http://www.w3.org/1999/xhtml" xml:lang="en" lang="en">
 <head>
  <title>
</title>
<meta http-equiv="Content-Type" content="text/html;charset=utf-8" />
  <meta name='ocr-system' content='tesseract 3.04.00' />
  <meta name='ocr-capabilities' content='ocr_page ocr_carea ocr_par ocr_line ocrx_word'/>
</head>
<body>
  <div class='ocr_page' id='page_1' title='image "./commentationesa00haupgoog_0037.png"; bbox 0 0 3309 5292; ppageno 0'>
   <div class='ocr_carea' id='block_1_1' title="bbox 1866 400 2649 602">
    <p class='ocr_par' dir='ltr' id='par_1_1' title="bbox 1955 400 2297 434">
     <span class='ocr_line' id='line_1_1' title="bbox 1955 400 2297 434; baseline 0 -12"><span class='ocrx_word' id='word_1_1' title='bbox 1955 400 1977 434; x_wconf 49' lang='grc' dir='ltr'><strong>ὲ,</strong></span> <span class='ocrx_word' id='word_1_2' title='bbox 2123 412 2133 422; x_wconf 67' lang='grc' dir='ltr'>υ</span> <span class='ocrx_word' id='word_1_3' title='bbox 2169 410 2205 422; x_wconf 55' lang='grc' dir='ltr'><strong>ψ·</strong></span> <span class='ocrx_word' id='word_1_4' title='bbox 2224 412 2229 418; x_wconf 91' lang='grc'><em>·</em></span> <span class='ocrx_word' id='word_1_5' title='bbox 2254 411 2267 418; x_wconf 73' lang='grc'><em>·</em></span> <span class='ocrx_word' id='word_1_6' title='bbox 2284 407 2297 417; x_wconf 57' lang='lat'>³</span> 
     </span>
    </p>

    <p class='ocr_par' dir='ltr' id='par_1_2' title="bbox 1866 453 2241 497">
     <span class='ocr_line' id='line_1_2' title="bbox 1866 453 2241 497; baseline 0 -3"><span class='ocrx_word' id='word_1_7' title='bbox 1866 453 1913 497; x_wconf 48' lang='grc' dir='ltr'><strong>Ὶὶκ</strong></span> <span class='ocrx_word' id='word_1_8' title='bbox 2182 463 2241 494; x_wconf 64' lang='lat' dir='ltr'><strong>(ln&#39;</strong></span> 
     </span>
    </p>

    <p class='ocr_par' dir='ltr' id='par_1_3' title="bbox 1904 491 2649 602">
     <span class='ocr_line' id='line_1_3' title="bbox 1904 491 2649 576; baseline 0.02 -13"><span class='ocrx_word' id='word_1_9' title='bbox 1904 509 1980 564; x_wconf 24' lang='grc' dir='ltr'><strong>,οἷς</strong></span> <span class='ocrx_word' id='word_1_10' title='bbox 2011 507 2057 558; x_wconf 48' lang='lat'><strong>„³⁵</strong></span> <span class='ocrx_word' id='word_1_11' title='bbox 2082 520 2123 562; x_wconf 44' lang='grc' dir='ltr'><strong>κ’,</strong></span> <span class='ocrx_word' id='word_1_12' title='bbox 2156 523 2254 568; x_wconf 56' lang='lat' dir='ltr'><strong>&#39;&#39;i-&#39;D</strong></span> <span class='ocrx_word' id='word_1_13' title='bbox 2291 491 2649 576; x_wconf 43' lang='lat' dir='ltr'><strong>÷R.=*-¹·)‘s137</strong></span> 
     </span>
     <span class='ocr_line' id='line_1_4' title="bbox 2046 558 2412 602; baseline 0 -1"><span class='ocrx_word' id='word_1_14' title='bbox 2046 572 2112 595; x_wconf 62' lang='lat'><strong>⁵²·-</strong></span> <span class='ocrx_word' id='word_1_15' title='bbox 2137 561 2208 602; x_wconf 45' lang='lat'><strong>²:³⁷</strong></span> <span class='ocrx_word' id='word_1_16' title='bbox 2244 587 2254 595; x_wconf 79' lang='lat'><em>=</em></span> <span class='ocrx_word' id='word_1_17' title='bbox 2274 558 2412 593; x_wconf 46' lang='lat'><strong>⁷⁶⁷!</strong></span> 
     </span>
    </p>
   </div>
   <div class='ocr_carea' id='block_1_2' title="bbox 405 676 2653 2096">
    <p class='ocr_par' dir='ltr' id='par_1_4' title="bbox 405 676 2653 2096">
     <span class='ocr_line' id='line_1_5' title="bbox 407 676 2653 757; baseline 0.001 -16"><span class='ocrx_word' id='word_1_18' title='bbox 407 679 598 757; x_wconf 83' lang='lat' dir='ltr'><strong>Regia</strong></span> <span class='ocrx_word' id='word_1_19' title='bbox 657 700 790 742; x_wconf 91' lang='lat' dir='ltr'><strong>cum</strong></span> <span class='ocrx_word' id='word_1_20' title='bbox 851 682 966 742; x_wconf 91' lang='lat' dir='ltr'><strong>iam</strong></span> <span class='ocrx_word' id='word_1_21' title='bbox 1026 687 1168 742; x_wconf 86' lang='lat' dir='ltr'><strong>ante</strong></span> <span class='ocrx_word' id='word_1_22' title='bbox 1218 681 1451 742; x_wconf 87' lang='lat' dir='ltr'><strong>initium</strong></span> <span class='ocrx_word' id='word_1_23' title='bbox 1508 681 1747 743; x_wconf 87' lang='lat' dir='ltr'><strong>fabulae</strong></span> <span class='ocrx_word' id='word_1_24' title='bbox 1804 682 1973 743; x_wconf 82' lang='lat' dir='ltr'><strong>Jovis</strong></span> <span class='ocrx_word' id='word_1_25' title='bbox 2030 676 2283 744; x_wconf 78' lang='lat' dir='ltr'><strong>fulmine</strong></span> <span class='ocrx_word' id='word_1_26' title='bbox 2343 685 2653 744; x_wconf 88' lang='lat' dir='ltr'><strong>combusta</strong></span> 
     </span>
     <span class='ocr_line' id='line_1_6' title="bbox 409 775 2652 863; baseline 0.001 -20"><span class='ocrx_word' id='word_1_27' title='bbox 409 788 585 861; x_wconf 88' lang='lat' dir='ltr'><strong>esset,</strong></span> <span class='ocrx_word' id='word_1_28' title='bbox 614 782 815 844; x_wconf 84' lang='lat' dir='ltr'><strong>fabula</strong></span> <span class='ocrx_word' id='word_1_29' title='bbox 844 775 972 844; x_wconf 83' lang='lat' dir='ltr'><strong>sine</strong></span> <span class='ocrx_word' id='word_1_30' title='bbox 997 802 1234 860; x_wconf 88' lang='lat' dir='ltr'><strong>scaena,</strong></span> <span class='ocrx_word' id='word_1_31' title='bbox 1263 784 1302 845; x_wconf 88' lang='lat' dir='ltr'><strong>i.</strong></span> <span class='ocrx_word' id='word_1_32' title='bbox 1323 803 1374 845; x_wconf 92' lang='lat' dir='ltr'><strong>e.</strong></span> <span class='ocrx_word' id='word_1_33' title='bbox 1404 784 1538 845; x_wconf 87' lang='lat' dir='ltr'><strong>sine</strong></span> <span class='ocrx_word' id='word_1_34' title='bbox 1569 783 1745 846; x_wconf 91' lang='lat' dir='ltr'><strong>domo</strong></span> <span class='ocrx_word' id='word_1_35' title='bbox 1783 784 1845 845; x_wconf 89' lang='lat' dir='ltr'><strong>in</strong></span> <span class='ocrx_word' id='word_1_36' title='bbox 1880 786 2087 845; x_wconf 90' lang='lat' dir='ltr'><strong>ultima</strong></span> <span class='ocrx_word' id='word_1_37' title='bbox 2110 789 2282 863; x_wconf 85' lang='lat' dir='ltr'><strong>parte</strong></span> <span class='ocrx_word' id='word_1_38' title='bbox 2306 786 2652 847; x_wconf 74' lang='lat' dir='ltr'><strong>orchestrae</strong></span> 
     </span>
     <span class='ocr_line' id='line_1_7' title="bbox 409 887 2651 966; baseline 0.001 -20"><span class='ocrx_word' id='word_1_39' title='bbox 409 890 611 946; x_wconf 91' lang='lat' dir='ltr'><strong>erecta</strong></span> <span class='ocrx_word' id='word_1_40' title='bbox 641 891 773 946; x_wconf 87' lang='lat' dir='ltr'><strong>acta</strong></span> <span class='ocrx_word' id='word_1_41' title='bbox 805 891 911 948; x_wconf 83' lang='lat' dir='ltr'><strong>est.</strong></span> <span class='ocrx_word' id='word_1_42' title='bbox 999 887 1198 948; x_wconf 89' lang='lat' dir='ltr'><strong>Locus</strong></span> <span class='ocrx_word' id='word_1_43' title='bbox 1230 888 1459 949; x_wconf 88' lang='lat' dir='ltr'><strong>tumulo</strong></span> <span class='ocrx_word' id='word_1_44' title='bbox 1490 888 1888 966; x_wconf 78' lang='lat' dir='ltr'>indicabatur,</span> <span class='ocrx_word' id='word_1_45' title='bbox 1933 889 2210 965; x_wconf 82' lang='lat' dir='ltr'><strong>sepulcro</strong></span> <span class='ocrx_word' id='word_1_46' title='bbox 2241 887 2651 961; x_wconf 79' lang='lat' dir='ltr'><strong>Niobidarum,</strong></span> 
     </span>
     <span class='ocr_line' id='line_1_8' title="bbox 411 988 2652 1070; baseline 0.001 -22"><span class='ocrx_word' id='word_1_47' title='bbox 411 988 574 1065; x_wconf 90' lang='lat' dir='ltr'><strong>quod</strong></span> <span class='ocrx_word' id='word_1_48' title='bbox 620 988 871 1049; x_wconf 90' lang='lat' dir='ltr'><strong>mediam</strong></span> <span class='ocrx_word' id='word_1_49' title='bbox 919 989 1284 1051; x_wconf 77' lang='lat' dir='ltr'><strong>orchestram</strong></span> <span class='ocrx_word' id='word_1_50' title='bbox 1331 991 1672 1070; x_wconf 89' lang='lat' dir='ltr'><strong>occupavit,</strong></span> <span class='ocrx_word' id='word_1_51' title='bbox 1727 991 1891 1052; x_wconf 86' lang='lat' dir='ltr'><strong>velut</strong></span> <span class='ocrx_word' id='word_1_52' title='bbox 1944 990 2109 1066; x_wconf 76' lang='lat' dir='ltr'><strong>collis</strong></span> <span class='ocrx_word' id='word_1_53' title='bbox 2152 990 2215 1050; x_wconf 89' lang='lat' dir='ltr'><strong>in</strong></span> <span class='ocrx_word' id='word_1_54' title='bbox 2259 989 2652 1067; x_wconf 74' lang='lat' dir='ltr'><strong>SupplicibuS,</strong></span> 
     </span>
     <span class='ocr_line' id='line_1_9' title="bbox 412 1090 2653 1171; baseline 0.001 -20"><span class='ocrx_word' id='word_1_55' title='bbox 412 1092 676 1152; x_wconf 85' lang='lat' dir='ltr'><strong>tumulus</strong></span> <span class='ocrx_word' id='word_1_56' title='bbox 707 1093 887 1153; x_wconf 89' lang='lat' dir='ltr'><strong>Darei</strong></span> <span class='ocrx_word' id='word_1_57' title='bbox 920 1093 979 1154; x_wconf 91' lang='lat' dir='ltr'><strong>in</strong></span> <span class='ocrx_word' id='word_1_58' title='bbox 1009 1093 1227 1167; x_wconf 86' lang='lat' dir='ltr'><strong>Persis,</strong></span> <span class='ocrx_word' id='word_1_59' title='bbox 1257 1092 1550 1155; x_wconf 78' lang='lat' dir='ltr'><strong>Cadmeae</strong></span> <span class='ocrx_word' id='word_1_60' title='bbox 1580 1093 1810 1171; x_wconf 87' lang='lat' dir='ltr'><strong>species</strong></span> <span class='ocrx_word' id='word_1_61' title='bbox 1839 1093 1900 1153; x_wconf 89' lang='lat' dir='ltr'><strong>in</strong></span> <span class='ocrx_word' id='word_1_62' title='bbox 1925 1090 2181 1170; x_wconf 84' lang='lat' dir='ltr'><strong>Septem,</strong></span> <span class='ocrx_word' id='word_1_63' title='bbox 2218 1092 2385 1170; x_wconf 87' lang='lat' dir='ltr'><strong>rupis</strong></span> <span class='ocrx_word' id='word_1_64' title='bbox 2414 1092 2472 1153; x_wconf 91' lang='lat' dir='ltr'><strong>in</strong></span> <span class='ocrx_word' id='word_1_65' title='bbox 2506 1094 2653 1154; x_wconf 89' lang='lat' dir='ltr'><strong>Pro·</strong></span> 
     </span>
     <span class='ocr_line' id='line_1_10' title="bbox 409 1194 2652 1273; baseline 0 -19"><span class='ocrx_word' id='word_1_66' title='bbox 409 1194 671 1273; x_wconf 89' lang='lat' dir='ltr'><strong>metheo,</strong></span> <span class='ocrx_word' id='word_1_67' title='bbox 730 1196 945 1272; x_wconf 89' lang='lat' dir='ltr'><strong>quibus</strong></span> <span class='ocrx_word' id='word_1_68' title='bbox 1006 1196 1082 1256; x_wconf 90' lang='lat' dir='ltr'><strong>de</strong></span> <span class='ocrx_word' id='word_1_69' title='bbox 1141 1196 1320 1256; x_wconf 90' lang='lat' dir='ltr'><strong>rebus</strong></span> <span class='ocrx_word' id='word_1_70' title='bbox 1379 1214 1608 1256; x_wconf 89' lang='lat' dir='ltr'><strong>summo</strong></span> <span class='ocrx_word' id='word_1_71' title='bbox 1664 1213 1800 1256; x_wconf 89' lang='lat' dir='ltr'><strong>cum</strong></span> <span class='ocrx_word' id='word_1_72' title='bbox 1853 1194 2053 1256; x_wconf 87' lang='lat' dir='ltr'><strong>fructu</strong></span> <span class='ocrx_word' id='word_1_73' title='bbox 2100 1195 2425 1272; x_wconf 88' lang='lat' dir='ltr'><strong>disputavit</strong></span> <span class='ocrx_word' id='word_1_74' title='bbox 2469 1196 2652 1256; x_wconf 90' lang='lat' dir='ltr'><strong>Wila-</strong></span> 
     </span>
     <span class='ocr_line' id='line_1_11' title="bbox 411 1297 2651 1375; baseline 0.001 -19"><span class='ocrx_word' id='word_1_75' title='bbox 411 1297 740 1359; x_wconf 85' lang='lat' dir='ltr'><strong>mowitzius</strong></span> <span class='ocrx_word' id='word_1_76' title='bbox 786 1299 845 1358; x_wconf 90' lang='lat' dir='ltr'><strong>in</strong></span> <span class='ocrx_word' id='word_1_77' title='bbox 890 1297 1241 1359; x_wconf 88' lang='lat' dir='ltr'><strong>admiranda</strong></span> <span class='ocrx_word' id='word_1_78' title='bbox 1286 1299 1359 1359; x_wconf 87' lang='lat' dir='ltr'><strong>de</strong></span> <span class='ocrx_word' id='word_1_79' title='bbox 1393 1316 1612 1359; x_wconf 86' lang='lat' dir='ltr'><strong>scaena</strong></span> <span class='ocrx_word' id='word_1_80' title='bbox 1641 1297 1982 1375; x_wconf 78' lang='lat' dir='ltr'><strong>Aeschylea</strong></span> <span class='ocrx_word' id='word_1_81' title='bbox 2010 1297 2445 1359; x_wconf 79' lang='lat' dir='ltr'><strong>dissertatione.</strong></span> <span class='ocrx_word' id='word_1_82' title='bbox 2507 1299 2651 1359; x_wconf 91' lang='lat' dir='ltr'><strong>Pro-</strong></span> 
     </span>
     <span class='ocr_line' id='line_1_12' title="bbox 406 1393 2650 1479; baseline -0 -18"><span class='ocrx_word' id='word_1_83' title='bbox 406 1402 545 1478; x_wconf 84' lang='lat' dir='ltr'><strong>logo</strong></span> <span class='ocrx_word' id='word_1_84' title='bbox 605 1400 868 1460; x_wconf 89' lang='lat' dir='ltr'><strong>fabulam</strong></span> <span class='ocrx_word' id='word_1_85' title='bbox 927 1402 1188 1462; x_wconf 87' lang='lat' dir='ltr'><strong>caruisse</strong></span> <span class='ocrx_word' id='word_1_86' title='bbox 1235 1400 1512 1461; x_wconf 87' lang='lat' dir='ltr'><strong>affirmari</strong></span> <span class='ocrx_word' id='word_1_87' title='bbox 1558 1401 1729 1472; x_wconf 81' lang='lat' dir='ltr'><strong>licet3</strong></span> <span class='ocrx_word' id='word_1_88' title='bbox 1789 1419 1923 1460; x_wconf 87' lang='lat' dir='ltr'><strong>nam</strong></span> <span class='ocrx_word' id='word_1_89' title='bbox 1976 1393 2215 1461; x_wconf 81' lang='lat' dir='ltr'><strong>Nioben</strong></span> <span class='ocrx_word' id='word_1_90' title='bbox 2272 1419 2381 1479; x_wconf 89' lang='lat' dir='ltr'><strong>per</strong></span> <span class='ocrx_word' id='word_1_91' title='bbox 2438 1401 2650 1461; x_wconf 83' lang='lat' dir='ltr'><strong>trinam</strong></span> 
     </span>
     <span class='ocr_line' id='line_1_13' title="bbox 408 1502 2650 1581; baseline 0 -17"><span class='ocrx_word' id='word_1_92' title='bbox 408 1504 756 1581; x_wconf 84' lang='lat' dir='ltr'><strong>tragoediae</strong></span> <span class='ocrx_word' id='word_1_93' title='bbox 804 1509 1030 1581; x_wconf 85' lang='lat' dir='ltr'><strong>partem</strong></span> <span class='ocrx_word' id='word_1_94' title='bbox 1076 1504 1335 1565; x_wconf 77' lang='lat' dir='ltr'><strong>tacuisse</strong></span> <span class='ocrx_word' id='word_1_95' title='bbox 1382 1508 1644 1577; x_wconf 87' lang='lat' dir='ltr'><strong>constat,</strong></span> <span class='ocrx_word' id='word_1_96' title='bbox 1694 1505 1827 1581; x_wconf 89' lang='lat' dir='ltr'><strong>quis</strong></span> <span class='ocrx_word' id='word_1_97' title='bbox 1874 1521 2017 1564; x_wconf 89' lang='lat' dir='ltr'><strong>vero</strong></span> <span class='ocrx_word' id='word_1_98' title='bbox 2066 1522 2265 1564; x_wconf 84' lang='lat' dir='ltr'><strong>coram</strong></span> <span class='ocrx_word' id='word_1_99' title='bbox 2303 1502 2408 1563; x_wconf 91' lang='lat' dir='ltr'><strong>illa</strong></span> <span class='ocrx_word' id='word_1_100' title='bbox 2452 1505 2650 1581; x_wconf 86' lang='lat' dir='ltr'><strong>prolo-</strong></span> 
     </span>
     <span class='ocr_line' id='line_1_14' title="bbox 405 1605 2651 1684; baseline 0.001 -19"><span class='ocrx_word' id='word_1_101' title='bbox 405 1625 544 1684; x_wconf 86' lang='lat' dir='ltr'><strong>gum</strong></span> <span class='ocrx_word' id='word_1_102' title='bbox 606 1607 806 1668; x_wconf 89' lang='lat' dir='ltr'><strong>dicere</strong></span> <span class='ocrx_word' id='word_1_103' title='bbox 873 1608 1136 1684; x_wconf 88' lang='lat' dir='ltr'><strong>potuerit</strong></span> <span class='ocrx_word' id='word_1_104' title='bbox 1200 1607 1466 1683; x_wconf 86' lang='lat' dir='ltr'><strong>intellegi</strong></span> <span class='ocrx_word' id='word_1_105' title='bbox 1530 1607 1756 1683; x_wconf 88' lang='lat' dir='ltr'><strong>nequit.</strong></span> <span class='ocrx_word' id='word_1_106' title='bbox 1856 1607 2065 1683; x_wconf 87' lang='lat' dir='ltr'><strong>Itaque</strong></span> <span class='ocrx_word' id='word_1_107' title='bbox 2117 1624 2154 1665; x_wconf 98' lang='lat' dir='ltr'><strong>a</strong></span> <span class='ocrx_word' id='word_1_108' title='bbox 2207 1605 2371 1667; x_wconf 89' lang='lat' dir='ltr'><strong>chori</strong></span> <span class='ocrx_word' id='word_1_109' title='bbox 2425 1606 2651 1684; x_wconf 89' lang='lat' dir='ltr'><strong>parodo</strong></span> 
     </span>
     <span class='ocr_line' id='line_1_15' title="bbox 410 1707 2653 1787; baseline 0 -19"><span class='ocrx_word' id='word_1_110' title='bbox 410 1707 614 1769; x_wconf 87' lang='lat' dir='ltr'><strong>fabula</strong></span> <span class='ocrx_word' id='word_1_111' title='bbox 658 1709 894 1786; x_wconf 89' lang='lat' dir='ltr'><strong>incepit,</strong></span> <span class='ocrx_word' id='word_1_112' title='bbox 939 1713 1004 1769; x_wconf 89' lang='lat' dir='ltr'><strong>ut</strong></span> <span class='ocrx_word' id='word_1_113' title='bbox 1033 1709 1344 1787; x_wconf 83' lang='lat' dir='ltr'><strong>Supplices</strong></span> <span class='ocrx_word' id='word_1_114' title='bbox 1377 1713 1436 1769; x_wconf 84' lang='lat' dir='ltr'><strong>et</strong></span> <span class='ocrx_word' id='word_1_115' title='bbox 1463 1710 1709 1770; x_wconf 89' lang='lat' dir='ltr'><strong>Persae.</strong></span> <span class='ocrx_word' id='word_1_116' title='bbox 1794 1709 2074 1786; x_wconf 85' lang='lat' dir='ltr'><strong>Denique</strong></span> <span class='ocrx_word' id='word_1_117' title='bbox 2120 1709 2169 1769; x_wconf 89' lang='lat' dir='ltr'><strong>si</strong></span> <span class='ocrx_word' id='word_1_118' title='bbox 2201 1707 2374 1770; x_wconf 88' lang='lat' dir='ltr'><strong>modo</strong></span> <span class='ocrx_word' id='word_1_119' title='bbox 2405 1709 2465 1768; x_wconf 90' lang='lat' dir='ltr'><strong>in</strong></span> <span class='ocrx_word' id='word_1_120' title='bbox 2499 1727 2653 1769; x_wconf 91' lang='lat' dir='ltr'><strong>com-</strong></span> 
     </span>
     <span class='ocr_line' id='line_1_16' title="bbox 407 1810 2653 1889; baseline -0.001 -17"><span class='ocrx_word' id='word_1_121' title='bbox 407 1813 699 1889; x_wconf 87' lang='lat' dir='ltr'><strong>positione</strong></span> <span class='ocrx_word' id='word_1_122' title='bbox 745 1811 1117 1873; x_wconf 84' lang='lat' dir='ltr'><strong>restituenda</strong></span> <span class='ocrx_word' id='word_1_123' title='bbox 1160 1829 1369 1872; x_wconf 86' lang='lat' dir='ltr'><strong>verum</strong></span> <span class='ocrx_word' id='word_1_124' title='bbox 1402 1811 1693 1888; x_wconf 87' lang='lat' dir='ltr'><strong>videmus,</strong></span> <span class='ocrx_word' id='word_1_125' title='bbox 1738 1830 1776 1872; x_wconf 88' lang='lat' dir='ltr'><strong>a</strong></span> <span class='ocrx_word' id='word_1_126' title='bbox 1822 1811 2058 1872; x_wconf 87' lang='lat' dir='ltr'><strong>duobus</strong></span> <span class='ocrx_word' id='word_1_127' title='bbox 2101 1812 2405 1872; x_wconf 88' lang='lat' dir='ltr'><strong>actoribus</strong></span> <span class='ocrx_word' id='word_1_128' title='bbox 2449 1810 2653 1871; x_wconf 87' lang='lat' dir='ltr'><strong>fabula</strong></span> 
     </span>
     <span class='ocr_line' id='line_1_17' title="bbox 406 1913 2652 1993; baseline 0 -20"><span class='ocrx_word' id='word_1_129' title='bbox 406 1915 501 1992; x_wconf 86' lang='lat' dir='ltr'><strong>agi</strong></span> <span class='ocrx_word' id='word_1_130' title='bbox 549 1919 810 1992; x_wconf 85' lang='lat' dir='ltr'><strong>poterat,</strong></span> <span class='ocrx_word' id='word_1_131' title='bbox 857 1933 1111 1992; x_wconf 90' lang='lat' dir='ltr'><strong>quorum</strong></span> <span class='ocrx_word' id='word_1_132' title='bbox 1159 1915 1309 1976; x_wconf 89' lang='lat' dir='ltr'><strong>alter</strong></span> <span class='ocrx_word' id='word_1_133' title='bbox 1353 1915 1584 1975; x_wconf 84' lang='lat' dir='ltr'><strong>Niobae</strong></span> <span class='ocrx_word' id='word_1_134' title='bbox 1645 1914 1797 1975; x_wconf 89' lang='lat' dir='ltr'><strong>alter</strong></span> <span class='ocrx_word' id='word_1_135' title='bbox 1850 1913 2151 1993; x_wconf 87' lang='lat' dir='ltr'><strong>Antiopae</strong></span> <span class='ocrx_word' id='word_1_136' title='bbox 2195 1914 2438 1976; x_wconf 85' lang='lat' dir='ltr'><strong>Tantali</strong></span> <span class='ocrx_word' id='word_1_137' title='bbox 2500 1915 2652 1974; x_wconf 85' lang='lat' dir='ltr'><strong>Mer-</strong></span> 
     </span>
     <span class='ocr_line' id='line_1_18' title="bbox 407 2016 1080 2096; baseline 0.001 -19"><span class='ocrx_word' id='word_1_138' title='bbox 407 2016 557 2078; x_wconf 89' lang='lat' dir='ltr'><strong>curii</strong></span> <span class='ocrx_word' id='word_1_139' title='bbox 598 2021 798 2094; x_wconf 88' lang='lat' dir='ltr'><strong>partes</strong></span> <span class='ocrx_word' id='word_1_140' title='bbox 843 2018 1080 2096; x_wconf 83' lang='lat' dir='ltr'><strong>agebat.</strong></span> 
     </span>
    </p>
   </div>
   <div class='ocr_carea' id='block_1_3' title="bbox 399 2275 2652 3466">
    <p class='ocr_par' dir='ltr' id='par_1_5' title="bbox 399 2275 2652 3466">
     <span class='ocr_line' id='line_1_19' title="bbox 546 2275 2652 2354; baseline 0.001 -19"><span class='ocrx_word' id='word_1_141' title='bbox 546 2275 765 2337; x_wconf 68' lang='lat' dir='ltr'><strong>⁴Venio</strong></span> <span class='ocrx_word' id='word_1_142' title='bbox 812 2275 886 2335; x_wconf 88' lang='lat' dir='ltr'><strong>ad</strong></span> <span class='ocrx_word' id='word_1_143' title='bbox 935 2293 1069 2336; x_wconf 91' lang='lat' dir='ltr'><strong>eum</strong></span> <span class='ocrx_word' id='word_1_144' title='bbox 1115 2294 1425 2336; x_wconf 86' lang='lat' dir='ltr'><strong>numerum</strong></span> <span class='ocrx_word' id='word_1_145' title='bbox 1475 2278 2013 2353; x_wconf 85' lang='lat' dir='ltr'><strong>monumentorum,</strong></span> <span class='ocrx_word' id='word_1_146' title='bbox 2058 2294 2215 2354; x_wconf 90' lang='lat' dir='ltr'><strong>quae</strong></span> <span class='ocrx_word' id='word_1_147' title='bbox 2260 2275 2335 2335; x_wconf 93' lang='lat' dir='ltr'><strong>ad</strong></span> <span class='ocrx_word' id='word_1_148' title='bbox 2380 2276 2652 2352; x_wconf 87' lang='lat' dir='ltr'><strong>Lycur·</strong></span> 
     </span>
     <span class='ocr_line' id='line_1_20' title="bbox 404 2377 2648 2456; baseline 0 -19"><span class='ocrx_word' id='word_1_149' title='bbox 404 2396 601 2455; x_wconf 87' lang='lat' dir='ltr'><strong>geam</strong></span> <span class='ocrx_word' id='word_1_150' title='bbox 649 2377 932 2456; x_wconf 84' lang='lat' dir='ltr'><strong>Aeschyli</strong></span> <span class='ocrx_word' id='word_1_151' title='bbox 979 2377 1094 2456; x_wconf 81' lang='lat' dir='ltr'><strong>vel,</strong></span> <span class='ocrx_word' id='word_1_152' title='bbox 1152 2383 1218 2438; x_wconf 90' lang='lat' dir='ltr'><strong>ut</strong></span> <span class='ocrx_word' id='word_1_153' title='bbox 1262 2378 1603 2439; x_wconf 84' lang='lat' dir='ltr'><strong>accuratius</strong></span> <span class='ocrx_word' id='word_1_154' title='bbox 1647 2378 1865 2451; x_wconf 90' lang='lat' dir='ltr'><strong>dicam,</strong></span> <span class='ocrx_word' id='word_1_155' title='bbox 1913 2377 1989 2438; x_wconf 90' lang='lat' dir='ltr'><strong>ad</strong></span> <span class='ocrx_word' id='word_1_156' title='bbox 2034 2377 2371 2439; x_wconf 84' lang='lat' dir='ltr'><strong>Neaniscos</strong></span> <span class='ocrx_word' id='word_1_157' title='bbox 2414 2379 2648 2438; x_wconf 87' lang='lat' dir='ltr'><strong>tertiam</strong></span> 
     </span>
     <span class='ocr_line' id='line_1_21' title="bbox 402 2477 2648 2559; baseline 0 -20"><span class='ocrx_word' id='word_1_158' title='bbox 402 2480 756 2557; x_wconf 87' lang='lat' dir='ltr'><strong>tetralogiae</strong></span> <span class='ocrx_word' id='word_1_159' title='bbox 800 2479 1059 2542; x_wconf 87' lang='lat' dir='ltr'><strong>fabulam</strong></span> <span class='ocrx_word' id='word_1_160' title='bbox 1083 2477 1130 2554; x_wconf 84' lang='grc'><strong>1)</strong></span> <span class='ocrx_word' id='word_1_161' title='bbox 1176 2483 1471 2558; x_wconf 88' lang='lat' dir='ltr'><strong>spectant.</strong></span> <span class='ocrx_word' id='word_1_162' title='bbox 1559 2482 1727 2556; x_wconf 82' lang='lat' dir='ltr'><strong>Quae</strong></span> <span class='ocrx_word' id='word_1_163' title='bbox 1773 2481 2122 2559; x_wconf 86' lang='lat' dir='ltr'><strong>priusquam</strong></span> <span class='ocrx_word' id='word_1_164' title='bbox 2169 2499 2509 2540; x_wconf 89' lang='lat' dir='ltr'><strong>enumerem</strong></span> <span class='ocrx_word' id='word_1_165' title='bbox 2558 2499 2648 2541; x_wconf 85' lang='lat' dir='ltr'><strong>re·</strong></span> 
     </span>
     <span class='ocr_line' id='line_1_22' title="bbox 402 2581 2649 2662; baseline 0 -20"><span class='ocrx_word' id='word_1_166' title='bbox 402 2600 824 2662; x_wconf 86' lang='lat' dir='ltr'><strong>censeamque,</strong></span> <span class='ocrx_word' id='word_1_167' title='bbox 866 2581 1006 2657; x_wconf 85' lang='lat' dir='ltr'><strong>quid</strong></span> <span class='ocrx_word' id='word_1_168' title='bbox 1056 2583 1131 2644; x_wconf 91' lang='lat' dir='ltr'><strong>de</strong></span> <span class='ocrx_word' id='word_1_169' title='bbox 1176 2584 1364 2661; x_wconf 89' lang='lat' dir='ltr'><strong>ipsius</strong></span> <span class='ocrx_word' id='word_1_170' title='bbox 1409 2583 1762 2660; x_wconf 87' lang='lat' dir='ltr'><strong>tetralogiae</strong></span> <span class='ocrx_word' id='word_1_171' title='bbox 1804 2582 2167 2660; x_wconf 73' lang='lat' dir='ltr'><strong>argumentis</strong></span> <span class='ocrx_word' id='word_1_172' title='bbox 2196 2586 2379 2660; x_wconf 87' lang='lat' dir='ltr'><strong>atque</strong></span> <span class='ocrx_word' id='word_1_173' title='bbox 2410 2601 2649 2659; x_wconf 87' lang='lat' dir='ltr'><strong>compo·</strong></span> 
     </span>
     <span class='ocr_line' id='line_1_23' title="bbox 399 2685 2648 2764; baseline 0 -19"><span class='ocrx_word' id='word_1_174' title='bbox 399 2686 612 2746; x_wconf 82' lang='lat' dir='ltr'><strong>sitione</strong></span> <span class='ocrx_word' id='word_1_175' title='bbox 659 2686 840 2746; x_wconf 89' lang='lat' dir='ltr'><strong>statui</strong></span> <span class='ocrx_word' id='word_1_176' title='bbox 885 2685 1077 2762; x_wconf 87' lang='lat' dir='ltr'><strong>possit</strong></span> <span class='ocrx_word' id='word_1_177' title='bbox 1118 2687 1458 2747; x_wconf 87' lang='lat' dir='ltr'><strong>accuratius</strong></span> <span class='ocrx_word' id='word_1_178' title='bbox 1504 2692 1596 2747; x_wconf 87' lang='lat' dir='ltr'><strong>est</strong></span> <span class='ocrx_word' id='word_1_179' title='bbox 1638 2685 2085 2764; x_wconf 86' lang='lat' dir='ltr'><strong>disputandum.</strong></span> <span class='ocrx_word' id='word_1_180' title='bbox 2174 2685 2283 2747; x_wconf 87' lang='lat' dir='ltr'><strong>Cui</strong></span> <span class='ocrx_word' id='word_1_181' title='bbox 2313 2685 2648 2763; x_wconf 87' lang='lat' dir='ltr'><strong>quaestioni</strong></span> 
     </span>
     <span class='ocr_line' id='line_1_24' title="bbox 404 2789 2645 2866; baseline -0 -17"><span class='ocrx_word' id='word_1_182' title='bbox 404 2789 503 2865; x_wconf 89' lang='lat' dir='ltr'><strong>qui</strong></span> <span class='ocrx_word' id='word_1_183' title='bbox 550 2790 720 2865; x_wconf 92' lang='lat' dir='ltr'><strong>primi</strong></span> <span class='ocrx_word' id='word_1_184' title='bbox 767 2807 1006 2866; x_wconf 87' lang='lat' dir='ltr'><strong>operam</strong></span> <span class='ocrx_word' id='word_1_185' title='bbox 1056 2789 1351 2850; x_wconf 89' lang='lat' dir='ltr'><strong>dederunt</strong></span> <span class='ocrx_word' id='word_1_186' title='bbox 1396 2790 1611 2849; x_wconf 87' lang='lat' dir='ltr'><strong>aemuli</strong></span> <span class='ocrx_word' id='word_1_187' title='bbox 1653 2789 1716 2849; x_wconf 89' lang='lat' dir='ltr'><strong>in</strong></span> <span class='ocrx_word' id='word_1_188' title='bbox 1763 2789 1874 2849; x_wconf 90' lang='lat' dir='ltr'><strong>hac</strong></span> <span class='ocrx_word' id='word_1_189' title='bbox 1918 2807 1983 2849; x_wconf 92' lang='lat' dir='ltr'><strong>re</strong></span> <span class='ocrx_word' id='word_1_190' title='bbox 2028 2789 2366 2866; x_wconf 86' lang='lat' dir='ltr'><strong>partimque</strong></span> <span class='ocrx_word' id='word_1_191' title='bbox 2415 2789 2645 2850; x_wconf 90' lang='lat' dir='ltr'><strong>obtrec-</strong></span> 
     </span>
     <span class='ocr_line' id='line_1_25' title="bbox 400 2884 2649 2970; baseline -0.001 -18"><span class='ocrx_word' id='word_1_192' title='bbox 400 2897 625 2952; x_wconf 87' lang='lat' dir='ltr'><strong>tatores</strong></span> <span class='ocrx_word' id='word_1_193' title='bbox 672 2890 1026 2952; x_wconf 85' lang='lat' dir='ltr'><strong>Welckcrus</strong></span> <span class='ocrx_word' id='word_1_194' title='bbox 1045 2887 1094 2965; x_wconf 77' lang='lat'><strong>²)</strong></span> <span class='ocrx_word' id='word_1_195' title='bbox 1141 2895 1202 2952; x_wconf 89' lang='lat' dir='ltr'><strong>et</strong></span> <span class='ocrx_word' id='word_1_196' title='bbox 1232 2893 1614 2952; x_wconf 88' lang='lat' dir='ltr'><strong>Hermanuus</strong></span> <span class='ocrx_word' id='word_1_197' title='bbox 1632 2884 1684 2970; x_wconf 74' lang='lat'><strong>3)</strong></span> <span class='ocrx_word' id='word_1_198' title='bbox 1728 2895 1985 2970; x_wconf 86' lang='lat' dir='ltr'><strong>uterque</strong></span> <span class='ocrx_word' id='word_1_199' title='bbox 2029 2891 2187 2951; x_wconf 91' lang='lat' dir='ltr'><strong>viam</strong></span> <span class='ocrx_word' id='word_1_200' title='bbox 2228 2892 2486 2969; x_wconf 83' lang='lat' dir='ltr'><strong>aperuit,</strong></span> <span class='ocrx_word' id='word_1_201' title='bbox 2531 2909 2649 2951; x_wconf 91' lang='lat' dir='ltr'><strong>ma-</strong></span> 
     </span>
     <span class='ocr_line' id='line_1_26' title="bbox 401 2993 2643 3074; baseline -0 -20"><span class='ocrx_word' id='word_1_202' title='bbox 401 2995 608 3054; x_wconf 85' lang='lat' dir='ltr'><strong>teriam</strong></span> <span class='ocrx_word' id='word_1_203' title='bbox 641 2995 1037 3072; x_wconf 82' lang='lat' dir='ltr'><strong>supportavit,</strong></span> <span class='ocrx_word' id='word_1_204' title='bbox 1060 2995 1246 3055; x_wconf 88' lang='lat' dir='ltr'><strong>multa</strong></span> <span class='ocrx_word' id='word_1_205' title='bbox 1276 2998 1437 3055; x_wconf 88' lang='lat' dir='ltr'><strong>recte</strong></span> <span class='ocrx_word' id='word_1_206' title='bbox 1461 2995 1787 3074; x_wconf 84' lang='lat' dir='ltr'><strong>perspexit,</strong></span> <span class='ocrx_word' id='word_1_207' title='bbox 1816 3001 2028 3056; x_wconf 83' lang='lat' dir='ltr'><strong>neuter</strong></span> <span class='ocrx_word' id='word_1_208' title='bbox 2054 2993 2203 3055; x_wconf 89' lang='lat' dir='ltr'><strong>adeo</strong></span> <span class='ocrx_word' id='word_1_209' title='bbox 2237 2994 2643 3072; x_wconf 87' lang='lat' dir='ltr'><strong>quaestionem</strong></span> 
     </span>
     <span class='ocr_line' id='line_1_27' title="bbox 400 3093 2645 3174; baseline 0 -18"><span class='ocrx_word' id='word_1_210' title='bbox 400 3095 669 3173; x_wconf 88' lang='lat' dir='ltr'><strong>perfecit,</strong></span> <span class='ocrx_word' id='word_1_211' title='bbox 713 3102 780 3157; x_wconf 86' lang='lat' dir='ltr'><strong>ut</strong></span> <span class='ocrx_word' id='word_1_212' title='bbox 822 3115 981 3157; x_wconf 88' lang='lat' dir='ltr'><strong>nunc</strong></span> <span class='ocrx_word' id='word_1_213' title='bbox 1011 3093 1326 3174; x_wconf 83' lang='lat' dir='ltr'><strong>quisquam</strong></span> <span class='ocrx_word' id='word_1_214' title='bbox 1360 3098 1763 3174; x_wconf 88' lang='lat' dir='ltr'><strong>comprobatis</strong></span> <span class='ocrx_word' id='word_1_215' title='bbox 1794 3115 1995 3158; x_wconf 90' lang='lat' dir='ltr'><strong>eorum</strong></span> <span class='ocrx_word' id='word_1_216' title='bbox 2029 3097 2342 3157; x_wconf 88' lang='lat' dir='ltr'><strong>sententiis</strong></span> <span class='ocrx_word' id='word_1_217' title='bbox 2372 3096 2645 3173; x_wconf 88' lang='lat' dir='ltr'><strong>acquies-</strong></span> 
     </span>
     <span class='ocr_line' id='line_1_28' title="bbox 401 3197 2645 3278; baseline 0 -20"><span class='ocrx_word' id='word_1_218' title='bbox 401 3204 514 3259; x_wconf 87' lang='lat' dir='ltr'><strong>cat.</strong></span> <span class='ocrx_word' id='word_1_219' title='bbox 603 3199 771 3273; x_wconf 82' lang='lat' dir='ltr'><strong>Quae</strong></span> <span class='ocrx_word' id='word_1_220' title='bbox 817 3201 1086 3276; x_wconf 85' lang='lat' dir='ltr'><strong>Rappius</strong></span> <span class='ocrx_word' id='word_1_221' title='bbox 1132 3201 1471 3278; x_wconf 85' lang='lat' dir='ltr'><strong>nuperrime</strong></span> <span class='ocrx_word' id='word_1_222' title='bbox 1518 3199 1592 3259; x_wconf 90' lang='lat' dir='ltr'><strong>de</strong></span> <span class='ocrx_word' id='word_1_223' title='bbox 1639 3200 1752 3260; x_wconf 89' lang='lat' dir='ltr'><strong>hac</strong></span> <span class='ocrx_word' id='word_1_224' title='bbox 1795 3219 1860 3260; x_wconf 90' lang='lat' dir='ltr'><strong>re</strong></span> <span class='ocrx_word' id='word_1_225' title='bbox 1892 3199 2143 3278; x_wconf 87' lang='lat' dir='ltr'><strong>protulit</strong></span> <span class='ocrx_word' id='word_1_226' title='bbox 2162 3197 2213 3273; x_wconf 80' lang='lat'><strong>⁴)</strong></span> <span class='ocrx_word' id='word_1_227' title='bbox 2258 3203 2489 3260; x_wconf 88' lang='lat' dir='ltr'><strong>tantum</strong></span> <span class='ocrx_word' id='word_1_228' title='bbox 2524 3217 2645 3259; x_wconf 91' lang='lat' dir='ltr'><strong>non</strong></span> 
     </span>
     <span class='ocr_line' id='line_1_29' title="bbox 400 3301 2646 3381; baseline -0 -19"><span class='ocrx_word' id='word_1_229' title='bbox 400 3303 598 3362; x_wconf 88' lang='lat' dir='ltr'><strong>omnia</strong></span> <span class='ocrx_word' id='word_1_230' title='bbox 642 3301 988 3380; x_wconf 85' lang='lat' dir='ltr'><strong>discrepant</strong></span> <span class='ocrx_word' id='word_1_231' title='bbox 1039 3321 1173 3364; x_wconf 91' lang='lat' dir='ltr'><strong>cum</strong></span> <span class='ocrx_word' id='word_1_232' title='bbox 1220 3302 1294 3364; x_wconf 89' lang='lat' dir='ltr'><strong>iis</strong></span> <span class='ocrx_word' id='word_1_233' title='bbox 1349 3321 1504 3381; x_wconf 87' lang='lat' dir='ltr'><strong>quae</strong></span> <span class='ocrx_word' id='word_1_234' title='bbox 1559 3302 1835 3381; x_wconf 87' lang='lat' dir='ltr'><strong>equidem</strong></span> <span class='ocrx_word' id='word_1_235' title='bbox 1878 3304 2273 3381; x_wconf 89' lang='lat' dir='ltr'><strong>probaturum</strong></span> <span class='ocrx_word' id='word_1_236' title='bbox 2328 3320 2460 3364; x_wconf 89' lang='lat' dir='ltr'><strong>esse</strong></span> <span class='ocrx_word' id='word_1_237' title='bbox 2507 3301 2646 3362; x_wconf 88' lang='lat' dir='ltr'><strong>mihi</strong></span> 
     </span>
     <span class='ocr_line' id='line_1_30' title="bbox 399 3403 625 3466; baseline 0.004 -3"><span class='ocrx_word' id='word_1_238' title='bbox 399 3403 625 3466; x_wconf 82' lang='lat' dir='ltr'><strong>videor.</strong></span> 
     </span>
    </p>
   </div>
   <div class='ocr_carea' id='block_1_4' title="bbox 397 3519 2649 3914">
    <p class='ocr_par' dir='ltr' id='par_1_6' title="bbox 397 3519 2649 3914">
     <span class='ocr_line' id='line_1_31' title="bbox 569 3519 2643 3604; baseline -0 -20"><span class='ocrx_word' id='word_1_239' title='bbox 569 3525 833 3585; x_wconf 90' lang='lat' dir='ltr'><strong>Primum</strong></span> <span class='ocrx_word' id='word_1_240' title='bbox 877 3524 1060 3604; x_wconf 91' lang='lat' dir='ltr'><strong>illud,</strong></span> <span class='ocrx_word' id='word_1_241' title='bbox 1113 3525 1278 3603; x_wconf 88' lang='lat' dir='ltr'><strong>quod</strong></span> <span class='ocrx_word' id='word_1_242' title='bbox 1324 3519 1544 3586; x_wconf 76' lang='lat' dir='ltr'><strong>Edonis</strong></span> <span class='ocrx_word' id='word_1_243' title='bbox 1596 3524 1909 3586; x_wconf 86' lang='lat' dir='ltr'><strong>Nauckius</strong></span> <span class='ocrx_word' id='word_1_244' title='bbox 1967 3525 2171 3586; x_wconf 86' lang='lat' dir='ltr'><strong>tribuit</strong></span> <span class='ocrx_word' id='word_1_245' title='bbox 2227 3523 2643 3602; x_wconf 83' lang='lat' dir='ltr'><strong>fragmentum,</strong></span> 
     </span>
     <span class='ocr_line' id='line_1_32' title="bbox 397 3613 2644 3706; baseline -0.001 -18"><span class='ocrx_word' id='word_1_246' title='bbox 397 3628 663 3688; x_wconf 85' lang='lat' dir='ltr'><strong>servavit</strong></span> <span class='ocrx_word' id='word_1_247' title='bbox 707 3628 918 3690; x_wconf 85' lang='lat' dir='ltr'><strong>Strabo</strong></span> <span class='ocrx_word' id='word_1_248' title='bbox 963 3629 1018 3688; x_wconf 91' lang='lat' dir='ltr'>X</span> <span class='ocrx_word' id='word_1_249' title='bbox 1061 3648 1119 3706; x_wconf 91' lang='lat' dir='ltr'><strong>p.</strong></span> <span class='ocrx_word' id='word_1_250' title='bbox 1150 3633 1276 3692; x_wconf 85' lang='lat'><strong>470</strong></span> <span class='ocrx_word' id='word_1_251' title='bbox 1321 3627 1504 3704; x_wconf 86' lang='lat' dir='ltr'><strong>(Cas.)</strong></span> <span class='ocrx_word' id='word_1_252' title='bbox 1557 3618 1828 3699; x_wconf 84' lang='grc' dir='ltr'><strong><em>τούτοις</em></strong></span> <span class='ocrx_word' id='word_1_253' title='bbox 1875 3613 1933 3688; x_wconf 81' lang='lat'><strong>‹5&#39;</strong></span> <span class='ocrx_word' id='word_1_254' title='bbox 1953 3619 2129 3687; x_wconf 79' lang='grc' dir='ltr'><strong><em>ἔοικε</em></strong></span> <span class='ocrx_word' id='word_1_255' title='bbox 2173 3621 2288 3686; x_wconf 80' lang='grc' dir='ltr'><strong>καὶ</strong></span> <span class='ocrx_word' id='word_1_256' title='bbox 2332 3616 2417 3686; x_wconf 82' lang='grc' dir='ltr'><strong>τὰ</strong></span> <span class='ocrx_word' id='word_1_257' title='bbox 2460 3617 2644 3706; x_wconf 78' lang='grc' dir='ltr'><em>παρὰ</em></span> 
     </span>
     <span class='ocr_line' id='line_1_33' title="bbox 397 3713 2643 3808; baseline 0 -22"><span class='ocrx_word' id='word_1_258' title='bbox 397 3733 537 3798; x_wconf 81' lang='grc' dir='ltr'><strong><em>τοῖς</em></strong></span> <span class='ocrx_word' id='word_1_259' title='bbox 582 3723 787 3808; x_wconf 75' lang='grc' dir='ltr'><em>Θρᾳξὶ</em></span> <span class='ocrx_word' id='word_1_260' title='bbox 831 3716 917 3788; x_wconf 81' lang='grc' dir='ltr'><strong>τά</strong></span> <span class='ocrx_word' id='word_1_261' title='bbox 957 3746 1033 3788; x_wconf 87' lang='grc' dir='ltr'><strong>τε</strong></span> <span class='ocrx_word' id='word_1_262' title='bbox 1079 3719 1423 3790; x_wconf 83' lang='grc' dir='ltr'><strong><em>Κοτύττια</em></strong></span> <span class='ocrx_word' id='word_1_263' title='bbox 1467 3724 1580 3789; x_wconf 80' lang='grc' dir='ltr'><strong>καὶ</strong></span> <span class='ocrx_word' id='word_1_264' title='bbox 1625 3715 1710 3789; x_wconf 82' lang='grc' dir='ltr'><em>τά</em></span> <span class='ocrx_word' id='word_1_265' title='bbox 1753 3724 2138 3804; x_wconf 80' lang='grc' dir='ltr'><em>Βενδίδεια,</em></span> <span class='ocrx_word' id='word_1_266' title='bbox 2188 3713 2341 3808; x_wconf 81' lang='grc' dir='ltr'><strong><em>παρ’</em></strong></span> <span class='ocrx_word' id='word_1_267' title='bbox 2386 3715 2486 3800; x_wconf 77' lang='grc' dir='ltr'><strong>οῖς</strong></span> <span class='ocrx_word' id='word_1_268' title='bbox 2529 3722 2643 3786; x_wconf 83' lang='grc' dir='ltr'><strong>καὶ</strong></span> 
     </span>
     <span class='ocr_line' id='line_1_34' title="bbox 397 3811 2649 3914; baseline 0.001 -27"><span class='ocrx_word' id='word_1_269' title='bbox 397 3819 481 3888; x_wconf 80' lang='grc' dir='ltr'><strong>τὰ</strong></span> <span class='ocrx_word' id='word_1_270' title='bbox 523 3813 793 3910; x_wconf 77' lang='grc' dir='ltr'><em>Ὀρφικὰ</em></span> <span class='ocrx_word' id='word_1_271' title='bbox 834 3821 962 3911; x_wconf 82' lang='grc' dir='ltr'><strong>τὴν</strong></span> <span class='ocrx_word' id='word_1_272' title='bbox 1008 3817 1214 3914; x_wconf 77' lang='grc' dir='ltr'><em>ἀρχὴν</em></span> <span class='ocrx_word' id='word_1_273' title='bbox 1258 3823 1418 3910; x_wconf 81' lang='grc' dir='ltr'><strong>ἔσχε.</strong></span> <span class='ocrx_word' id='word_1_274' title='bbox 1508 3829 1624 3913; x_wconf 85' lang='grc' dir='ltr'><strong>τῆς</strong></span> <span class='ocrx_word' id='word_1_275' title='bbox 1665 3825 1790 3911; x_wconf 78' lang='grc' dir='ltr'><strong>μὲν</strong></span> <span class='ocrx_word' id='word_1_276' title='bbox 1826 3811 1956 3892; x_wconf 81' lang='grc' dir='ltr'><strong>οὖν</strong></span> <span class='ocrx_word' id='word_1_277' title='bbox 1991 3828 2343 3903; x_wconf 85' lang='grc' dir='ltr'><strong><em>Κοτυτοῦς</em></strong></span> <span class='ocrx_word' id='word_1_278' title='bbox 2386 3823 2462 3890; x_wconf 80' lang='grc' dir='ltr'><strong>ἐν</strong></span> <span class='ocrx_word' id='word_1_279' title='bbox 2503 3836 2649 3902; x_wconf 85' lang='grc' dir='ltr'><strong><em>τοῖς</em></strong></span> 
     </span>
    </p>
   </div>
   <div class='ocr_carea' id='block_1_5' title="bbox 394 3963 801 3972">
    <p class='ocr_par' dir='ltr' id='par_1_7' title="bbox 394 3963 801 3972">
     <span class='ocr_line' id='line_1_35' title="bbox 394 3963 801 3972; baseline 0 1320"><span class='ocrx_word' id='word_1_280' title='bbox 394 3963 801 3972; x_wconf 95' lang='lat' dir='ltr'><strong> </strong></span> 
     </span>
    </p>
   </div>
   <div class='ocr_carea' id='block_1_6' title="bbox 391 4037 2650 4546">
    <p class='ocr_par' dir='ltr' id='par_1_8' title="bbox 391 4037 2650 4546">
     <span class='ocr_line' id='line_1_36' title="bbox 567 4037 2648 4116; baseline 0 -18"><span class='ocrx_word' id='word_1_281' title='bbox 567 4044 610 4113; x_wconf 91' lang='lat'><strong>¹)</strong></span> <span class='ocrx_word' id='word_1_282' title='bbox 647 4043 820 4101; x_wconf 86' lang='lat' dir='ltr'><strong>schol.</strong></span> <span class='ocrx_word' id='word_1_283' title='bbox 853 4043 1025 4100; x_wconf 87' lang='lat' dir='ltr'><strong>Arist.</strong></span> <span class='ocrx_word' id='word_1_284' title='bbox 1065 4044 1286 4100; x_wconf 84' lang='lat' dir='ltr'><strong>Thesm.</strong></span> <span class='ocrx_word' id='word_1_285' title='bbox 1329 4050 1424 4100; x_wconf 84' lang='lat'><strong>135</strong></span> <span class='ocrx_word' id='word_1_286' title='bbox 1474 4040 1577 4114; x_wconf 82' lang='grc' dir='ltr'><strong>τὴν</strong></span> <span class='ocrx_word' id='word_1_287' title='bbox 1625 4042 2011 4116; x_wconf 78' lang='grc' dir='ltr'><strong><em>τετραλογίαν</em></strong></span> <span class='ocrx_word' id='word_1_288' title='bbox 2057 4039 2215 4114; x_wconf 79' lang='grc' dir='ltr'><em>λέγει</em></span> <span class='ocrx_word' id='word_1_289' title='bbox 2267 4043 2369 4114; x_wconf 86' lang='lat' dir='ltr'><strong>(sc.</strong></span> <span class='ocrx_word' id='word_1_290' title='bbox 2402 4037 2648 4115; x_wconf 77' lang='grc' dir='ltr'><strong><em>Ἄριστο-</em></strong></span> 
     </span>
     <span class='ocr_line' id='line_1_37' title="bbox 392 4124 2635 4202; baseline -0 -18"><span class='ocrx_word' id='word_1_291' title='bbox 392 4124 594 4198; x_wconf 80' lang='grc' dir='ltr'>φάνης)</span> <span class='ocrx_word' id='word_1_292' title='bbox 645 4128 1069 4202; x_wconf 78' lang='grc' dir='ltr'><strong><em>Λυκουργείαν,</em></strong></span> <span class='ocrx_word' id='word_1_293' title='bbox 1126 4124 1400 4195; x_wconf 82' lang='grc' dir='ltr'><strong><em>Ἠδωνούς</em></strong></span> <span class='ocrx_word' id='word_1_294' title='bbox 1458 4128 1829 4202; x_wconf 77' lang='grc' dir='ltr'><strong><em>Βασσαρίδας</em></strong></span> <span class='ocrx_word' id='word_1_295' title='bbox 1892 4130 2249 4195; x_wconf 77' lang='grc' dir='ltr'><strong><em>Νεανίσκους</em></strong></span> <span class='ocrx_word' id='word_1_296' title='bbox 2290 4132 2635 4201; x_wconf 78' lang='grc' dir='ltr'><strong><em>Λυκοῦργον</em></strong></span> 
     </span>
     <span class='ocr_line' id='line_1_38' title="bbox 391 4210 2650 4288; baseline 0.001 -20"><span class='ocrx_word' id='word_1_297' title='bbox 391 4210 496 4268; x_wconf 80' lang='grc' dir='ltr'><strong>τὸν</strong></span> <span class='ocrx_word' id='word_1_298' title='bbox 531 4211 854 4285; x_wconf 79' lang='grc' dir='ltr'><strong><em>σατυρικόν.</em></strong></span> <span class='ocrx_word' id='word_1_299' title='bbox 996 4217 1042 4286; x_wconf 77' lang='lat'><strong>²)</strong></span> <span class='ocrx_word' id='word_1_300' title='bbox 1079 4217 1214 4286; x_wconf 87' lang='lat' dir='ltr'><strong>„Die</strong></span> <span class='ocrx_word' id='word_1_301' title='bbox 1249 4217 1610 4288; x_wconf 74' lang='lat' dir='ltr'><strong>iischylische-</strong></span> <span class='ocrx_word' id='word_1_302' title='bbox 1627 4215 1873 4286; x_wconf 82' lang='lat' dir='ltr'><strong>Trilogie</strong></span> <span class='ocrx_word' id='word_1_303' title='bbox 1909 4215 2273 4272; x_wconf 84' lang='lat' dir='ltr'><strong>Prometheus</strong></span> <span class='ocrx_word' id='word_1_304' title='bbox 2309 4216 2445 4271; x_wconf 86' lang='lat' dir='ltr'><strong>etc.“</strong></span> <span class='ocrx_word' id='word_1_305' title='bbox 2500 4219 2650 4271; x_wconf 86' lang='lat'>1825·</span> 
     </span>
     <span class='ocr_line' id='line_1_39' title="bbox 401 4301 2646 4372; baseline 0 -16"><span class='ocrx_word' id='word_1_306' title='bbox 401 4302 704 4372; x_wconf 79' lang='lat' dir='ltr'><strong>„Nachtrag</strong></span> <span class='ocrx_word' id='word_1_307' title='bbox 738 4320 806 4358; x_wconf 77' lang='lat' dir='ltr'><strong>zu</strong></span> <span class='ocrx_word' id='word_1_308' title='bbox 841 4303 940 4359; x_wconf 84' lang='lat' dir='ltr'><strong>der</strong></span> <span class='ocrx_word' id='word_1_309' title='bbox 975 4302 1174 4359; x_wconf 85' lang='lat' dir='ltr'><strong>Schrift</strong></span> <span class='ocrx_word' id='word_1_310' title='bbox 1207 4303 1346 4359; x_wconf 83' lang='lat' dir='ltr'><strong>liber</strong></span> <span class='ocrx_word' id='word_1_311' title='bbox 1379 4303 1470 4360; x_wconf 86' lang='lat' dir='ltr'><strong>die</strong></span> <span class='ocrx_word' id='word_1_312' title='bbox 1505 4301 1851 4371; x_wconf 75' lang='lat' dir='ltr'><strong>iischylische</strong></span> <span class='ocrx_word' id='word_1_313' title='bbox 1888 4302 2164 4372; x_wconf 80' lang='lat' dir='ltr'><strong>Trilogie“</strong></span> <span class='ocrx_word' id='word_1_314' title='bbox 2207 4305 2353 4358; x_wconf 79' lang='lat'><strong>1826.</strong></span> <span class='ocrx_word' id='word_1_315' title='bbox 2400 4318 2455 4370; x_wconf 87' lang='lat' dir='ltr'><strong>p.</strong></span> <span class='ocrx_word' id='word_1_316' title='bbox 2480 4305 2575 4356; x_wconf 85' lang='lat'><strong>103</strong></span> <span class='ocrx_word' id='word_1_317' title='bbox 2591 4301 2646 4356; x_wconf 85' lang='lat' dir='ltr'><strong>ff.</strong></span> 
     </span>
     <span class='ocr_line' id='line_1_40' title="bbox 397 4385 2647 4459; baseline -0.001 -17"><span class='ocrx_word' id='word_1_318' title='bbox 397 4385 445 4458; x_wconf 83' lang='lat'><strong>⁸)</strong></span> <span class='ocrx_word' id='word_1_319' title='bbox 480 4389 770 4457; x_wconf 79' lang='lat' dir='ltr'><strong>Leipziger</strong></span> <span class='ocrx_word' id='word_1_320' title='bbox 805 4389 1324 4458; x_wconf 79' lang='lat' dir='ltr'><strong>Litteraturzeitung</strong></span> <span class='ocrx_word' id='word_1_321' title='bbox 1361 4392 1509 4444; x_wconf 78' lang='lat'><strong>1825.</strong></span> <span class='ocrx_word' id='word_1_322' title='bbox 1579 4388 1665 4443; x_wconf 88' lang='lat' dir='ltr'><strong>De</strong></span> <span class='ocrx_word' id='word_1_323' title='bbox 1699 4386 1969 4458; x_wconf 86' lang='lat' dir='ltr'><strong>Aeschyli</strong></span> <span class='ocrx_word' id='word_1_324' title='bbox 2001 4389 2291 4459; x_wconf 78' lang='lat' dir='ltr'><strong>Lycurgea</strong></span> <span class='ocrx_word' id='word_1_325' title='bbox 2327 4385 2647 4444; x_wconf 86' lang='lat' dir='ltr'><strong>dissertatio</strong></span> 
     </span>
     <span class='ocr_line' id='line_1_41' title="bbox 414 4471 2367 4546; baseline -0.002 -14"><span class='ocrx_word' id='word_1_326' title='bbox 414 4474 851 4543; x_wconf 81' lang='lat' dir='ltr'><strong>1831=Opusc.</strong></span> <span class='ocrx_word' id='word_1_327' title='bbox 871 4475 924 4531; x_wconf 91' lang='lat' dir='ltr'><strong>V</strong></span> <span class='ocrx_word' id='word_1_328' title='bbox 959 4492 1015 4544; x_wconf 88' lang='lat' dir='ltr'><strong>p.</strong></span> <span class='ocrx_word' id='word_1_329' title='bbox 1039 4479 1158 4530; x_wconf 81' lang='lat' dir='ltr'><strong>3ss.</strong></span> <span class='ocrx_word' id='word_1_330' title='bbox 1297 4474 1343 4545; x_wconf 78' lang='lat'><strong>⁴)</strong></span> <span class='ocrx_word' id='word_1_331' title='bbox 1379 4473 1628 4530; x_wconf 86' lang='lat' dir='ltr'><strong>Roscher</strong></span> <span class='ocrx_word' id='word_1_332' title='bbox 1662 4471 1890 4546; x_wconf 83' lang='lat' dir='ltr'><strong>Mythol.</strong></span> <span class='ocrx_word' id='word_1_333' title='bbox 1925 4475 2060 4529; x_wconf 88' lang='lat' dir='ltr'><strong>Lex.</strong></span> <span class='ocrx_word' id='word_1_334' title='bbox 2101 4489 2157 4542; x_wconf 89' lang='lat' dir='ltr'><strong>p.</strong></span> <span class='ocrx_word' id='word_1_335' title='bbox 2176 4477 2309 4528; x_wconf 80' lang='lat'>2192</span> <span class='ocrx_word' id='word_1_336' title='bbox 2322 4487 2367 4528; x_wconf 87' lang='lat' dir='ltr'><strong>s.</strong></span> 
     </span>
    </p>
   </div>
  </div>
 </body>
</html>
