3309 5292
2514 484 2635 544 125

396 661 570 736 Quod
619 681 796 739 quam
843 662 918 722 ob
961 681 1082 720 rem
1130 664 1308 736 poeta
1351 659 1436 718 sic
1478 655 1805 718 instituerit
1850 663 2117 734 apparet.
2201 658 2427 717 Narrat
2482 657 2638 716 enim

397 766 746 825 scholiastes
807 764 882 823 ad
929 763 1242 841 Sophoclis
1286 761 1578 838 Oedipum
1623 761 1948 822 Coloneum
1994 778 2053 818 v.
2093 763 2172 821 56
2201 760 2639 819 Prometheum

400 887 530 928 cum
565 868 834 928 Vulcano
867 868 927 926 in
959 866 1107 926 aede
1137 865 1197 925 in
1229 864 1555 925 Academia
1584 864 1703 923 sita
1747 863 2129 923 coniunctum
2172 863 2354 922 fuisse
2369 856 2413 937 ¹)
2460 864 2642 938 atque

400 971 544 1048 quin
602 969 663 1029 in
724 969 1048 1029 novissima
1108 968 1379 1045 trilogiae
1425 967 1628 1026 fabula
1687 966 1763 1025 de
1808 984 1877 1026 eo
1942 966 2107 1026 cultu
2165 970 2345 1042 poeta
2406 965 2643 1024 locutus

399 1075 477 1134 sit
539 1077 677 1149 post
739 1073 1070 1151 westphali
1139 1073 1440 1150 egregiam
1517 1070 2069 1130 commentationem
2086 1065 2135 1141 2)
2208 1069 2311 1128 vix
2382 1066 2643 1129 dubitari

402 1179 615 1254 potest.
703 1176 1034 1234 Vulcanum
1097 1175 1278 1253 igitur
1337 1173 1441 1250 qui
1504 1173 1759 1232 omnium
1824 1189 2099 1232 maxume
2151 1172 2383 1232 Titanis
2442 1188 2645 1231 casum

404 1278 680 1338 doluerat
720 1282 858 1354 post
901 1277 1341 1337 reconciliatam
1387 1275 1551 1336 Jovis
1594 1274 1849 1352 gratiam
1894 1275 2147 1351 primum
2198 1275 2521 1335 accessisse
2578 1275 2649 1333 ut

403 1399 558 1458 quae
616 1381 838 1440 invitus
896 1379 1210 1457 pepigerat
1254 1377 1500 1438 vincula
1559 1377 1755 1437 laetus
1812 1375 2124 1454 expediret
2168 1381 2424 1454 apparet
2466 1395 2645 1454 quam

409 1483 630 1559 optime
675 1479 1054 1540 coniciamus.

577 1582 672 1642 Sic
719 1583 900 1658 igitur
945 1581 1022 1641 de
1066 1581 1260 1641 altera
1302 1579 1543 1640 fabulae
1575 1585 1746 1658 parte
1776 1583 1974 1640 statuo
2005 1580 2322 1640 Herculem
2354 1580 2481 1641 sive
2516 1585 2652 1659 post

405 1686 670 1763 aquilam
731 1684 1022 1744 deiectam
1067 1683 1194 1744 sive
1238 1687 1378 1742 ante
1425 1681 1703 1743 docuisse
1738 1682 2172 1743 Prometheum
2233 1683 2414 1760 longe
2471 1682 2650 1742 alium

406 1807 478 1848 ac
523 1789 583 1848 in
631 1806 923 1865 proxuma
967 1785 1174 1846 fabula
1217 1786 1320 1846 ille
1366 1785 1754 1864 praedixerat
1797 1785 2006 1845 Jovem
2051 1804 2115 1845 se
2159 1786 2549 1864 praestitisse,
2594 1791 2654 1846 et

323 1868 336 1882 ¹
407 1909 537 1951 cum
584 1890 755 1950 Jonis
801 1907 1043 1967 quoque
1087 1894 1266 1950 antea
1309 1888 1560 1950 infelicis
1605 1888 1967 1950 faustissimo
2009 1890 2329 1950 concubitu
2372 1895 2650 1950 enarrato

409 1995 637 2054 tristem
662 1993 892 2053 Titanis
923 1993 1181 2052 animum
1217 1993 1633 2052 commovisset
1660 1992 1823 2051 illum
1853 1992 1930 2052 ad
1957 1991 2293 2068 Geryonem
2327 1993 2439 2052 iter
2470 1993 2653 2052 conti-

411 2115 654 2174 nuasse,
715 2097 885 2156 cuius
931 2100 992 2155 et
1036 2094 1244 2155 modos
1292 2100 1352 2154 et
1409 2093 1534 2155 fata
1578 2095 1783 2171 paullo
1828 2099 1967 2155 ante
2012 2095 2406 2156 Prometheus
2451 2077 2685 2154 narra->

411 2203 580 2260 verat
625 2197 721 2271 (fr.
756 2199 1133 2267 193-199).
1199 2197 1492 2257 Hercules
1522 2203 1837 2274 postquam
1884 2198 2131 2258 recessit
2161 2198 2445 2258 stasimon
2475 2198 2657 2258 inter·

410 2303 670 2380 ponitur,
695 2303 872 2361 Titan
894 2300 1104 2360 Jovem
1127 2300 1412 2377 appellat,
1438 2301 1653 2360 iterum
1679 2300 1899 2361 chorus
1924 2304 2144 2360 cantat.
2199 2302 2355 2362 Tum
2382 2301 2659 2361 Castores

410 2405 774 2482 procedunt,
833 2422 1087 2481 quorum
1149 2404 1404 2463 alterum
1467 2408 1666 2463 mutua
1725 2421 1880 2480 quae
1940 2403 2155 2463 dicitur
2200 2421 2459 2481 persona
2522 2403 2658 2481 egit,

416 2508 662 2568 alterius
739 2510 943 2582 partes
1026 2505 1179 2566 idem
1249 2507 1349 2583 qui
1417 2507 1695 2566 Herculis
1762 2524 2073 2583 personam
2144 2510 2322 2567 antea
2384 2506 2665 2567 induerat

419 2615 589 2670 actor
663 2609 942 2685 suscepit.
1059 2606 1175 2680 Qui
1250 2612 1568 2685 postquam
1643 2608 1985 2668 Promethei
2057 2608 2339 2668 invidiam
2413 2621 2665 2686 prorsus

419 2713 812 2790 placaverunt
882 2714 1062 2786 atque
1132 2709 1474 2770 vaticinium
1558 2710 1706 2770 illud
1780 2709 1857 2770 de
1921 2710 2196 2770 Thetidis
2270 2711 2497 2788 nuptiis
2570 2729 2665 2771 ac·

417 2818 736 2894 ceper,unt
794 2814 920 2891 ipse
981 2813 1161 2873 Titan
1223 2814 1509 2890 petivisse
1553 2813 1822 2890 videtur,
1883 2816 1950 2873 ut
2006 2814 2067 2872 in
2112 2814 2489 2874 vinculorum
2551 2832 2667 2874 me-

416 2918 660 2978 moriam
721 2917 849 2994 lygi
910 2934 1132 2976 corona
1185 2915 1292 2975 sibi
1339 2917 1767 2993 imponeretur.
1854 2915 1923 2974 Id
1968 2916 2121 2975 enim
2169 2915 2363 2977 evinci
2409 2917 2549 2976 licet
2593 2934 2667 2976 ex

418 3019 716 3080 Athenaei
776 3019 1122 3078 narratione
1182 3019 1288 3076 XV
1327 3021 1447 3080 672
1497 3016 1577 3077 E':
1640 3009 2003 3096 ιστορετται
2062 3049 2116 3058 -
2171 3011 2489 3077 θεσπίσαι
2544 3007 2670 3083 τὸν

416 3107 806 3180 Ἀπόλλωνα
835 3108 1084 3196 ποινὴν
1118 3104 1368 3190 αὐτούς
1398 3108 1584 3192 (τούς
1608 3114 1855 3195 Κᾶρας)
1888 3106 2273 3178 ἀποδοῦναι
2300 3117 2382 3196 τῇ
2412 3116 2556 3198 θεῷ’
2586 3104 2671 3179 δι’

420 3214 684 3282 ἑαυτῶν
728 3212 1041 3282 ἑκούσιον
1086 3217 1199 3280 καὶ
1241 3217 1446 3300 χωρὶς
1492 3215 1847 3300 δυσχεροῦς
1873 3220 2256 3301 συμφορᾶς,
2300 3211 2389 3300 ἣν
2426 3215 2501 3281 ἐν
2527 3229 2671 3293 τοῖς

419 3315 726 3404 πρόσθεν
765 3315 1037 3404 χρόνοις
1083 3311 1424 3400 ἀφώρισεν
1469 3307 1505 3383 ὁ
1551 3312 1720 3396 Ζεύς
1761 3322 1861 3404 τῷ
1907 3322 2263 3405 Προμηθεῖ
2297 3316 2495 3403 χάριν
2548 3322 2671 3404 τῆς

421 3425 678 3509 κλοπῆς
720 3423 848 3486 τοῦ
893 3417 1126 3506 πυρός,
1171 3418 1376 3499 λύσας
1419 3412 1632 3486 αὐτὸν
1680 3421 1754 3487 ἐκ
1797 3425 1941 3487 τῶν
1978 3416 2488 3507 χαλεπωτάτων
2532 3425 2671 3490 δεσ-

418 3528 593 3609 μῶν·
653 3526 782 3589 καὶ
835 3525 1048 3589 τίσιν
1092 3520 1466 3590 ἑκούσιον
1509 3523 1592 3589 ἐν
1637 3517 1932 3612 ἀλυπίᾳ
1975 3525 2344 3612 κειμένην
2388 3527 2674 3592 δοῦναι

595 3699 636 3764 ¹)
673 3696 858 3750 Verba
893 3697 1012 3750 eius
1061 3695 1359 3762 descripsi:
1408 3690 1569 3750 τιτὰν
1613 3691 1989 3766 Προμηθεὺς]
2037 3693 2174 3767 περὶ
2225 3702 2329 3753 τοῦ
2372 3693 2477 3752 τὸν
2523 3699 2675 3767 Προ-

425 3778 614 3851 μηθέα
650 3779 786 3851 περὶ
820 3775 925 3850 τὴν
962 3773 1333 3850 Ἀκαδήμειαν
1369 3777 1465 3834 καὶ
1499 3775 1604 3834 τὸν
1629 3775 1906 3835 Κολωνὸν
1932 3775 2219 3852 ἱδρῦσθαι,
2254 3775 2677 3854 Ἀπολλόδωρος

425 3861 642 3937 γράφει
681 3857 851 3920 οὕτω.
923 3869 1265 3966 συντιμᾶται
1315 3862 1376 3920 δὲ
1414 3864 1514 3920 καὶ
1551 3861 1614 3920 ἐν
1649 3872 1719 3934 τῇ
1756 3857 2090 3942 Ἀκαδημεία
2126 3873 2195 3936 τῇ
2231 3862 2454 3942 Ἀθηνᾷ,
2490 3863 2676 3923 καθά-

426 3967 540 4022 περ
577 3969 610 4004 o
631 3943 963 4020 (Ἥφαιστος.
1034 3947 1134 4004 καὶ
1169 3944 1329 4005 ἐστιν
1365 3944 1540 4005 αὐτοῦ
1579 3947 1828 4005 παλαιὸν
1862 3945 2070 4022 ἵδρυμα
2104 3953 2200 4006 καὶ
2245 3949 2442 4022 βωμὸς
2486 3947 2549 4008 ἐν
2594 3958 2677 4025 τῷ

423 4031 654 4104 τεμένει
702 4041 804 4106 τῆς
847 4039 1010 4092 θεοῦ.
1083 4033 1364 4090 δείκνυται
1410 4033 1471 4092 δὲ
1520 4034 1621 4090 καὶ
1664 4033 1833 4106 βάσις
1870 4030 2077 4107 α’ρχαία
2112 4033 2260 4092 κατὰ
2293 4033 2399 4106 τὴν
2434 4029 2678 4104 εισοδον,

431 4117 494 4178 ἐν
529 4123 564 4190 ἡ
600 4129 706 4177 τοῦ
743 4140 806 4176 τε
843 4117 1206 4193 Προμηθέως
1243 4115 1368 4177 ἐστὶ
1402 4117 1581 4186 τύπος
1615 4120 1717 4177 καὶ
1751 4129 1856 4178 τοῦ
1884 4114 2211 4192 Ἡφαίστου.
2269 4122 2579 4193 πεποίηται
2616 4121 2677 4180 δὲ

427 4199 529 4277 (ὡς
576 4205 677 4262 καὶ
711 4205 1100 4277 Λυσιμαχίδης
1149 4205 1346 4276 φησὶν)
1394 4197 1425 4261 ὃ
1471 4205 1581 4274 μὲν
1626 4204 1981 4279 Προμηθεὺς
2025 4215 2255 4279 πρῶτος
2297 4208 2396 4264 καὶ
2430 4205 2679 4282 πρεσβύ-

429 4312 612 4365 τερος,
652 4288 715 4349 ἐν
751 4295 910 4369 δεξιᾷ
948 4299 1247 4363 σκῆπτρον
1283 4285 1514 4362 ἔχων,ι
1486 4312 1517 4347 ο
1558 4288 1619 4348 δέ
1640 4285 1957 4364 (Ἥφαιστος
1980 4289 2112 4358 νέος
2135 4292 2235 4349 καὶ
2260 4291 2545 4367 δεύτερος.
2582 4293 2682 4350 καὶ

425 4375 623 4450 βωμὸς
671 4372 888 4448 ἀμφοῖν
934 4377 1132 4442 κοινός
1179 4373 1334 4434 ἐστιν
1383 4373 1446 4434 ἐν
1493 4381 1560 4448 τῇ
1595 4375 1763 4450 βάσει
1801 4374 2341 4448 ἅποτετυπωμένος.
2489 4382 2536 4450 ²)
2574 4381 2681 4436 vid.

430 4467 549 4521 eius
585 4465 780 4522 librum
814 4467 1218 4536 Prolegomena
1253 4483 1320 4521 zu
1356 4467 1670 4538 Aeschylos
1708 4468 2041 4537 Tragodien,
2077 4486 2131 4538 p.
2160 4474 2257 4523 207
2277 4486 2354 4524 ss.

2211 4573 2275 4628 9*
