3309 5292
705 391 826 448 154

709 556 878 628 facit,
940 557 1103 617 haud
1163 557 1286 618 scio
1331 577 1406 617 an
1455 557 1799 618 Edonorum
1843 557 1949 618 illo
1995 559 2055 617 in
2099 558 2290 636 prima
2334 556 2539 618 fabula
2583 558 2819 618 cantico
2866 576 2961 616 re-

708 659 991 720 cordatus
1035 661 1128 736 sit,
1169 661 1229 720 in
1277 679 1398 737 quo
1443 660 1685 737 Cotytto
1732 666 2244 721 commemoratur.
2331 661 2517 721 Nullo
2548 665 2747 720 autem
2780 663 2959 738 pacto

706 761 847 824 inde
893 763 1178 839 colligere
1224 764 1365 823 licet
1408 763 1492 822 illi
1541 761 1690 823 deae
1736 762 2084 840 Lycurgum
2129 763 2576 823 sacrificavisse.

878 865 946 924 In
1005 867 1184 926 tertia
1245 866 1425 942 igitur
1483 865 1837 942 tetralogiae
1896 866 2101 925 fabula
2160 866 2503 941 Aeschylus
2558 865 2637 924 ad
2691 865 2958 943 Lycurgi

705 967 830 1028 fata
894 968 1092 1028 rediit.
1199 970 1328 1029 Rex
1394 987 1523 1028 cum
1592 967 1668 1027 de
1735 967 1961 1045 Orphei
2024 987 2172 1028 nece
2238 971 2425 1028 iratus
2491 987 2688 1046 neque
2754 973 2955 1027 tamen

705 1071 1009 1149 Apollinis
1067 1072 1297 1132 numini
1353 1071 1632 1131 diffidens
1694 1089 1805 1131 suo
1866 1071 1976 1131 deo
2036 1071 2375 1132 sacrificare
2420 1071 2630 1147 vellet,
2687 1071 2797 1130 sibi
2842 1071 2951 1146 ipsi

705 1172 1087 1248 familiaeque
1133 1173 1454 1250 perniciem
1503 1174 1893 1251 comparavit.
1994 1173 2241 1234 Praeter
2285 1191 2515 1250 regem,
2574 1175 2953 1249 Mercurium,

704 1276 976 1354 Lyssam,
1003 1277 1277 1336 nuntium
1303 1294 1459 1352 quae
1483 1293 1781 1354 personae
1803 1277 1863 1334 in
1888 1293 2163 1336 scaenam
2187 1277 2611 1353 processerint,
2640 1277 2953 1354 nescimus,

615 1373 618 1378 ’
704 1397 833 1439 cum
896 1382 1060 1438 certa
1117 1379 1455 1439 testimonia
1515 1378 1727 1438 desint.
1814 1379 2104 1455 Reginam
2149 1379 2212 1438 in
2254 1379 2448 1455 prima
2492 1382 2665 1456 parte
2708 1379 2949 1440 fabulae

703 1480 1073 1558 processisse
1147 1500 1266 1541 non
1333 1482 1526 1541 solum
1595 1500 1670 1541 ex
1736 1481 2011 1540 Herculis
2076 1481 2440 1560 Euripideae
2508 1482 2951 1558 comparatione

703 1585 1022 1646 verisimile
1065 1590 1181 1658 est,
1233 1584 1340 1645 sed
1387 1584 1564 1644 etiam
1610 1604 1721 1662 pro
1766 1585 2044 1644 scaenica
2086 1589 2215 1646 arte
2259 1590 2488 1645 tantum
2538 1605 2658 1646 non
2705 1603 2950 1646 necesse

701 1706 833 1750 esse
898 1687 1155 1750 videtur.
1265 1688 1478 1748 Filium
1546 1688 1834 1765 puberem
1903 1706 2023 1748 non
2091 1686 2300 1767 fuisse,
2374 1691 2613 1767 qualem
2679 1689 2952 1765 picturae

704 1789 1054 1869 ostendunt,
1113 1790 1220 1851 sed
1279 1790 1562 1850 infantem
1623 1791 1683 1849 in
1745 1792 2068 1868 propatulo
2126 1798 2234 1851 est.
2338 1791 2515 1866 Quod
2573 1793 2837 1869 pictores
2892 1793 2953 1850 in

702 1895 815 1953 hac
870 1911 935 1954 re
997 1911 1142 1954 suae
1205 1895 1347 1954 artis
1406 1892 1644 1953 modum
1707 1893 2239 1970 condicionemque
2302 1897 2489 1970 magis
2548 1895 2954 1972 spectaverint

702 2015 878 2072 quam
943 1995 1120 2056 fidem
1184 1997 1419 2057 minime
1473 1995 1726 2056 offendit
1785 2015 1981 2074 neque
2034 2015 2179 2057 vero
2226 1998 2383 2057 omni
2429 1998 2764 2057 testimonio
2812 2015 2950 2056 con-

704 2100 932 2159 iectura
965 2099 1250 2160 destituta
1279 2104 1386 2171 est,
1426 2117 1557 2159 cum
1589 2099 1647 2158 in
1680 2099 2055 2176 sarcophago
2086 2101 2411 2160 Matteiano
2441 2098 2730 2161 infantem
2764 2098 2947 2160 filium

702 2200 1029 2262 videamus.
1129 2203 1336 2262 Restat
1391 2206 1458 2261 ut
1511 2201 1721 2276 paucis
1765 2201 1954 2261 dicam
2004 2201 2077 2262 de
2126 2206 2410 2262 venatore
2454 2202 2555 2262 illo
2599 2203 2660 2262 in
2706 2203 2785 2274 A,
2844 2203 2947 2281 qui

703 2304 916 2364 dextra
980 2303 1054 2364 ad
1117 2304 1323 2365 oculos
1385 2304 1543 2364 elata
1602 2305 1988 2364 vehementer
2048 2305 2309 2380 lugentis
2366 2305 2625 2380 speciem
2686 2305 2951 2380 praebet.

701 2406 823 2484 Ipsi
869 2406 1162 2468 sacrificio
1206 2408 1485 2483 regisque
1522 2408 1792 2467 insaniae
1824 2407 2115 2467 hominem
2150 2406 2411 2466 validum
2444 2411 2625 2483 atque
2654 2411 2946 2467 armatum

701 2511 991 2570 interesse
1036 2511 1273 2571 minime
1320 2511 1655 2587 oportuisse
1700 2529 1845 2570 sane
1892 2515 2177 2588 apparet,
2222 2514 2537 2588 statuoque
2583 2510 2768 2586 igitur
2812 2529 2945 2570 eum

702 2630 844 2689 rege
905 2613 1020 2672 iam
1081 2613 1142 2673 in
1204 2630 1410 2672 sanam
1474 2616 1731 2672 mentem
1794 2612 2067 2687 restituto
2126 2613 2468 2690 advenisse,
2532 2617 2600 2672 ut
2642 2612 2947 2674 funestum

700 2716 950 2776 amicum
1018 2714 1252 2775 doleret
1316 2718 1496 2792 atque
1564 2715 2001 2776 consolaretur.
2111 2714 2225 2788 Qui
2292 2715 2428 2792 quis
2485 2714 2665 2775 fuerit
2723 2717 2943 2794 nescio;

700 2819 817 2879 hoc
879 2820 1078 2879 autem
1141 2821 1308 2894 patet
1351 2818 1568 2878 similes
1613 2821 1815 2894 partes
1861 2836 1992 2878 eum
2040 2819 2376 2896 suscepisse
2420 2836 2494 2880 ac
2537 2818 2837 2879 Theseum
2882 2819 2944 2879 in

699 2921 962 2982 Hercule
1007 2921 1348 2998 Euripiden.

871 3025 1166 3087 Enarravi
1239 3043 1393 3101 qnae
1466 3028 1851 3085 monumenta
1926 3023 2002 3085 de
2075 3025 2251 3084 tertia
2317 3025 2673 3103 Lycurgeae
2742 3025 2945 3088 fabula

701 3127 1008 3204 docent31)
1067 3127 1182 3187 iam
1241 3127 1541 3204 quomodo
1588 3129 1740 3188 haec
1786 3146 1919 3188 cum
1967 3128 2317 3204 Apollodori
2364 3133 2424 3188 et
2466 3129 2691 3205 Hygini
2740 3147 2945 3189 narra-

700 3230 960 3291 tionibus
1015 3229 1240 3289 faciant
1299 3231 1693 3308 inquiramus.
1796 3231 2075 3308 Hyginus
2119 3232 2389 3308 Lycurgi
2450 3230 2575 3291 fata
2636 3232 2694 3290 in
2740 3231 2945 3292 fabula

698 3333 972 3396 CXXXII
1019 3333 1105 3391 sic
1149 3332 1355 3392 tradit:
1401 3333 1725 3408 Lycurqus
1769 3334 2071 3408 Dryantis
2109 3334 2281 3404 filius
2308 3331 2590 3393 Liberum
2635 3335 2710 3393 de
2751 3351 2942 3408 reqno

690 3436 932 3511 suyavit
977 3478 992 3493 .
1037 3451 1210 3508 quem
1270 3452 1403 3495 cum
1461 3442 1726 3510 neqaret
1788 3437 1961 3496 deum
2020 3452 2156 3496 esse
2210 3437 2523 3510 vinumque
2582 3435 2833 3497 bibisset
2878 3443 2941 3497 et

701 3537 906 3598 ebrius
964 3541 1213 3597 matrem
1256 3555 1427 3597 suam
1472 3539 1706 3598 violare
1747 3540 2062 3611 voluisset,
2127 3544 2275 3598 tunc
2319 3540 2471 3598 vites
2514 3540 2805 3599 excidere
2846 3549 2943 3599 est

697 3651 980 3713 conatu-r,
1043 3641 1206 3714 quod
1264 3641 1503 3702 diceret
1563 3642 1722 3702 illud
1772 3644 1991 3700 malum
2035 3642 2531 3701 medicamentum
2576 3658 2739 3715 esse,
2785 3643 2947 3716 quod

695 3749 921 3805 mentes
966 3743 1308 3804 immutaret
1351 3789 1364 3804 .
1412 3745 1514 3819 qui
1556 3745 1802 3803 insania
1849 3742 1926 3803 ab
1955 3741 2172 3804 Libero
2218 3743 2459 3804 obiecta
2488 3761 2746 3806 uxorem
2774 3761 2941 3805 suam

699 3853 761 3907 et
814 3849 1008 3920 filium
1070 3848 1387 3922 interfecit
1431 3891 1445 3908 .
1490 3848 1797 3922 ipsumque
1838 3846 2181 3922 Lycurqum
2222 3845 2405 3907 Liber
2448 3848 2780 3922 pantheris
2840 3846 2943 3908 ob-

870 4034 912 4096 1)
949 4030 1282 4086 Picturarum
1331 4046 1454 4083 cum
1490 4029 1663 4084 altera
1698 4028 1889 4083 classis
1927 4028 2001 4097 (A
2040 4032 2097 4082 et
2130 4028 2196 4096 B)
2234 4044 2393 4098 quam
2430 4030 2837 4086 accuratissime
2873 4032 2943 4085 ad

695 4116 872 4184 ipsam
909 4132 1163 4171 scaenam
1201 4120 1436 4184 spectet,
1473 4115 1644 4170 altera
1680 4114 1911 4169 solutius
1936 4114 2203 4183 pingendi
2227 4115 2399 4184 magis
2424 4131 2580 4170 usum
2606 4117 2941 4185 modumque

696 4208 956 4272 sequatur
1003 4217 1164 4272 quam
1213 4202 1453 4270 speciem
1504 4215 1763 4269 scaenae,
1810 4199 1927 4255 fieri
1973 4205 2187 4270 potest,
2235 4206 2298 4255 ut
2324 4200 2477 4276 'haec
2525 4217 2556 4255 a
2590 4201 2943 4257 celeberrima

696 4288 786 4343 illa
819 4289 1054 4358 imagine
1089 4288 1347 4357 pendeat,
1385 4302 1544 4356 quam
1581 4286 1817 4340 Athenis
1854 4287 1910 4340 in
1940 4286 2141 4340 Bacchi
2176 4286 2383 4355 templo
2420 4288 2617 4355 pictam
2644 4287 2940 4344 Pausanias

695 4378 1086 4429 commemorat
1119 4375 1144 4426 I
1183 4377 1261 4442 20,
1289 4379 1346 4441 3;
1383 4371 1636 4427 conferas
1675 4388 1840 4440 supra
1874 4391 1926 4441 p.
1958 4379 2035 4428 11.
