3309 5292
637 407 754 469 142

641 571 842 632 dicere
889 571 1251 648 Aeschylum
1299 591 1418 632 non
1465 571 1757 632 tralaticio
1804 589 1984 636 sensu
2030 571 2105 630 de
2151 571 2515 648 hominibnS,
2575 571 2675 646 qui
2721 571 2878 630 domi

636 679 855 751 essent,
899 673 1334 734 bacchantibus
1377 675 1558 750 loqui·
1586 673 1694 734 sed
1741 692 1861 733 non
1898 675 2086 734 solum
2118 673 2406 750 homines,
2450 691 2656 733 verum
2690 673 2879 748 ipsam

637 777 877 836 domum
924 776 1148 852 regiam
1195 776 1490 838 furentem
1537 776 2009 853 bacchatamque
2050 776 2291 853 fingere.
2381 776 2667 835 Miraculo
2699 776 2881 854 igitur

636 887 703 940 ut
762 899 872 957 par
929 886 1060 941 erat
1120 880 1424 958 Dionysus
1485 879 1746 940 divinam
1806 899 1969 940 suam
2025 881 2141 939 vim
2192 880 2577 940 ostentavisse
2623 879 2881 940 videtur.

637 983 771 1057 Qua
831 984 889 1042 in
951 981 1158 1042 fabula
1215 982 1489 1059 trilogiae
1553 982 1610 1040 id
1670 981 1891 1042 factum
1954 983 2032 1042 sit
2089 1001 2450 1060 quamquam
2495 1000 2614 1041 non
2661 982 2881 1041 diserte

633 1084 910 1158 traditur,
957 1089 1155 1144 tamen
1203 1103 1375 1145 nemo
1425 1085 1673 1162 dubitat,
1718 1086 1860 1162 quin
1896 1083 2251 1144 Welckerus
2281 1103 2518 1144 versum
2550 1086 2881 1145 rectissime

635 1187 711 1246 ad
758 1187 1000 1248 Edonos
1045 1189 1359 1248 rettulerit.
1465 1187 1632 1261 Quae
1696 1172 2043 1248 coniectura
2096 1187 2213 1246 alio
2258 1188 2593 1247 testimonio
2640 1187 2883 1265 egregie

637 1289 1051 1365 confirmatum
1111 1309 1248 1350 nam
1311 1309 1343 1350 e
1405 1290 1556 1350 libro
1617 1285 1907 1351 Demetrii
1966 1283 2120 1368 περὶ
2178 1272 2577 1369 εὑρημάτων
2595 1288 2640 1362 ¹)
2698 1290 2881 1350 haece

636 1396 874 1451 servata
941 1400 1083 1452 sunt
1156 1375 1192 1450 ὁ
1262 1382 1384 1470 γὰρ
1454 1381 1534 1473 δὴ
1601 1383 1865 1470 Κράτης
1931 1380 2104 1450 κατὰ
2172 1381 2294 1450 τὸν
2358 1378 2570 1450 αὐτὸν
2631 1380 2883 1469 χρόνον

632 1483 923 1572 γεγονώς
946 1483 1256 1573 Αἰσχύλῳ
1287 1483 1542 1553 τούτου
1575 1484 1683 1552 διὰ
1715 1491 1857 1552 τῶν
1877 1479 2187 1554 Ἠδωνῶν
2208 1481 2775 1572 εὐδοκιμήσαντος
2795 1539 2809 1552 .
2832 1537 2845 1552 .
2864 1539 2879 1556 .

638 1595 751 1670 Qui
804 1597 963 1656 hunc
1008 1597 1205 1657 locum
1241 1597 1500 1658 restituit
1530 1597 1889 1659 Theodorus
1922 1599 2209 1674 Comperz
2230 1590 2279 1674 2)
2315 1597 2567 1656 coniecit
2595 1597 2880 1674 Aeschyli

635 1700 879 1760 Edonos
937 1704 1204 1760 secutum
1271 1699 1506 1762 Oratem
1567 1701 1627 1759 in
1687 1695 1996 1759 Γείτοσιν
2053 1701 2251 1761 ebrios
2311 1702 2366 1758 iu
2423 1718 2697 1759 scaenam
2746 1718 2881 1778 pro·

637 1802 896 1880 duxisse,
942 1803 1000 1862 id
1049 1802 1212 1881 quod
1243 1803 1610 1882 Aeschylum
1658 1805 1715 1864 in
1750 1803 1977 1864 Cabiris
2023 1822 2264 1880 quoque
2296 1802 2506 1864 fecisse
2536 1799 2883 1863 Athenaeus

636 1903 712 1976 (X
758 1909 882 1966 428
908 1904 980 1978 F)
1028 1905 1196 1966 testis
1243 1910 1350 1966 est.
1438 1905 1611 1980 Quod
1661 1907 1709 1965 si
1756 1925 1959 1966 verum
2008 1917 2115 1982 est,
2160 1905 2299 1965 hinc
2345 1924 2587 1983 quoque
2625 1905 2883 1965 efficitur

635 2008 999 2084 Aeschylum
1033 2008 1092 2066 in
1126 2007 1244 2067 fine
1277 2006 1513 2068 fabulae
1547 2009 1847 2085 ingentem
1871 2008 2215 2068 Edonorum
2250 2008 2596 2068 ebriet-atem
2623 2007 2881 2068 finxisse.

635 2110 904 2186 Dionyso
949 2111 1133 2186 igitur
1177 2111 1290 2169 iam
1339 2128 1472 2171 cum
1518 2111 1638 2170 suis
1686 2130 1719 2170 a
1766 2128 1984 2170 scaena
2029 2115 2255 2171 remoto
2287 2111 2559 2171 Thraces
2599 2110 2882 2171 videntur

638 2213 825 2272 uteris
887 2213 1028 2272 vino
1086 2212 1278 2289 plenis
1339 2213 1612 2273 incidisse
1675 2218 1735 2272 et
1795 2232 1929 2272 cum
1976 2215 2091 2272 iam
2138 2231 2245 2273 rex
2292 2231 2425 2273 cum
2471 2213 2695 2272 familia
2741 2213 2880 2272 vino

636 2316 866 2375 onerati
927 2315 1126 2376 furere
1191 2317 1555 2393 coepissent,
1621 2316 1752 2392 ipsa
1812 2315 2023 2376 domus
2083 2317 2245 2392 regia
2308 2317 2596 2376 bacchata
2656 2316 2880 2375 saltans

636 2417 984 2478 concidisse.
1005 2415 1054 2490 3)

809 2521 932 2580 Iam
993 2538 1200 2596 presse
1245 2521 1678 2598 constringam,
1738 2538 1891 2597 quae
1937 2520 2011 2580 de
2059 2521 2489 2596 compositione
2534 2520 2881 2580 Edonorum

643 2621 999 2682 efficiuntur.
1086 2623 1312 2683 Fabula
1357 2641 1488 2682 cum
1531 2627 1673 2683 ante
1704 2622 1939 2683 domum
1973 2623 2199 2699 regiam
2232 2625 2368 2682 acta
2398 2624 2491 2699 sit,
2534 2622 2879 2682 inferiorum

636 2725 920 2801 Aeschyli
969 2724 1411 2801 tragoediarum
1460 2743 1707 2786 numero
1753 2724 2074 2785 inserenda
2106 2728 2213 2784 est.
2301 2725 2595 2801 Prologus
2626 2724 2882 2784 fortasse

638 2827 956 2904 bipertitus
1004 2834 1160 2903 erat,
1218 2845 1347 2886 cum
1395 2829 1718 2904 Lycurgus
1764 2829 1993 2904 primus
2039 2826 2421 2905 procederet,
2466 2833 2588 2886 tum
2636 2829 2883 2886 nuntius

638 2929 716 2989 de
763 2930 987 2990 Bacchi
1031 2929 1294 2990 adventu
1341 2936 1645 3000 narraret;
1695 2932 1802 2990 etsi
1852 2930 1981 2990 fieri
2028 2932 2241 3008 potuit,
2286 2934 2352 3009 ut
2383 2947 2537 2989 unus
2568 2930 2885 3006 Lycurgus

637 3038 776 3092 ante
848 3032 1093 3092 chorum
1159 3033 1218 3091 in
1288 3051 1506 3092 scaena
1569 3033 1823 3092 adesset.
1932 3031 2171 3092 Summa
2228 3031 2567 3108 argumenti
2629 3051 2759 3091 cum
2820 3031 2881 3090 in

641 3136 1054 3196 controversia
1112 3136 1268 3196 inter
1313 3137 1657 3212 Lycurgum
1721 3137 2017 3211 deumque
2063 3135 2249 3212 facta,
2308 3140 2429 3196 tum
2478 3137 2538 3194 in
2584 3135 2885 3194 miraculis

641 3235 950 3298 Bacchicis
1008 3238 1202 3315 posita
1263 3244 1408 3297 erat.
1509 3239 1763 3298 Actores
1823 3257 1963 3298 num
2018 3239 2156 3314 plus
2201 3237 2434 3297 duobus
2481 3239 2886 3312 processerint

635 3339 794 3398 infra
839 3338 1152 3417 disputabo
1198 3358 1256 3416 p.
1293 3344 1430 3403 146.

816 3441 1170 3517 Priusquam
1247 3461 1338 3501 me
1411 3442 1487 3502 ad
1563 3442 1813 3502 alteram
1889 3444 2244 3519 tetralogiae
2309 3443 2568 3502 fabulam
2639 3446 2887 3518 vertam,

637 3545 848 3621 paucis
912 3545 1088 3604 liceat
1133 3545 1427 3605 disserere
1474 3545 1548 3605 de
1593 3547 1853 3624 ratione,
1916 3565 2069 3622 quae
2117 3547 2271 3604 inter
2315 3546 2601 3622 Aeschyli
2644 3544 2887 3604 Edonos

638 3645 978 3705 intercedat
1035 3652 1098 3706 et
1156 3647 1426 3706 Bacchas
1486 3648 1863 3724 Euripideas.
1966 3647 2308 3724 Euripidem
2374 3647 2434 3705 in
2481 3646 2735 3706 Bacchis
2780 3647 2889 3706 etsi

642 3768 761 3809 non
827 3750 1055 3826 primus
1097 3749 1351 3809 Penthei
1407 3749 1532 3808 fata
1579 3749 1808 3828 docuit,
1869 3754 2065 3810 tamen
2112 3750 2171 3809 in
2219 3750 2487 3809 omnibus
2533 3748 2660 3808 fere
2708 3749 2886 3808 rebus

640 3853 715 3911 ab
761 3852 1045 3928 Aeschyli
1081 3851 1352 3912 Pentheo
1399 3853 1801 3928 discrepuisse
1850 3857 2100 3912 constat.
2188 3851 2333 3912 Cum
2381 3870 2484 3911 rex
2532 3851 2689 3929 apud
2738 3850 2885 3910 anti-

641 3955 908 4031 quiorem
970 3957 1206 4031 poetam
1265 3973 1470 4030 pugna
1517 3973 1648 4014 cum
1696 3957 1951 4034 Dionysi
1998 3955 2305 4014 comitibus
2350 3953 2662 4013 commissa
2706 3953 2887 4012 armis

813 4117 850 4184 1)
888 4116 1107 4171 Hercul.
1145 4117 1254 4171 vol.
1282 4117 1404 4171 coll.
1431 4117 1521 4170 alt.
1547 4118 1616 4186 V,
1666 4116 1759 4172 fol.
1788 4122 1813 4168 7
1866 4116 1975 4184 (ed.
2012 4117 2185 4172 Oxou.
2224 4115 2277 4184 1,
2316 4115 2351 4170 f.
2383 4118 2516 4184 109).
2671 4117 2711 4184 2)
2748 4115 2887 4169 MuS.

639 4200 818 4256 Rhen.
855 4205 970 4256 tom
997 4201 1229 4269 XXXII,
1267 4208 1330 4256 47
1339 4207 1382 4257 7.
1523 4205 1563 4271 ⁸)
1601 4203 1762 4257 Haud
1789 4202 1905 4256 scio
1930 4217 1999 4255 an
2024 4202 2093 4255 ad
2119 4200 2382 4271 Aeschyli
2406 4199 2643 4255 fabulam
2668 4203 2889 4266 spectet

642 4285 857 4341 Horatii
892 4286 1043 4356 illud,
1079 4303 1192 4341 non
1227 4304 1320 4356 eqo
1355 4287 1550 4342 sanius
1585 4287 1882 4342 bacchabor
1916 4287 2132 4341 Edonis
2162 4288 2354 4356 (Carm.
2379 4286 2451 4355 II,
2474 4293 2521 4355 7,
2547 4287 2665 4355 27);
2701 4302 2887 4354 quam-

642 4387 801 4440 quam
829 4372 1146 4427 Edonorum
1173 4389 1370 4426 nomen
1393 4374 1462 4428 de
1484 4374 1738 4429 omnibus
1758 4374 2061 4428 Thracibus
2082 4373 2329 4441 usurpari
2349 4373 2599 4440 potuisse
2620 4372 2891 4426 concedo·
