3309 5292
641 599 927 644 emersam
974 581 1034 641 in
1066 598 1345 641 scaenam
1377 568 1670 657 prodiisse
1709 573 1913 640 notum
1948 587 2053 640 est.
2140 567 2443 640 Lust1·atio
2475 597 2619 638 vero
2651 561 2883 639 Orestis

640 703 836 761 neque
880 685 938 743 in
985 702 1206 744 scaena
1252 686 1574 760 conspecta
1613 701 1811 758 neque
1844 683 2082 742 omnino
2128 683 2185 742 in
2222 683 2413 761 prima
2443 687 2615 759 parte
2646 681 2883 741 fabulae

642 789 1102 847 commemorata
1146 789 1268 863 est,
1313 784 1419 844 sed
1467 804 1539 845 ex
1585 786 1669 844 eis
1715 785 1912 860 pictor
1956 803 2084 845 eam
2130 785 2403 863 sumpsit,
2447 801 2601 861 quac
2642 783 2884 845 Orestes

642 888 1108 949 Atheniensibus
1153 888 1408 965 supplex
1453 892 1663 947 narrat
1706 907 1762 949 v.
1794 891 1916 949 279
1936 903 2040 947 ss.:

950 1014 1418 1106 μητροκτόνον
1459 1019 1709 1102 μίασμα
1754 1009 1819 1083 δ’
1867 1015 2208 1083 ἔκπλυτον
2252 1019 2439 1084 πέλει
2549 1043 2552 1046 ·

948 1121 1307 1186 ποταίνιον
1351 1116 1475 1204 γὰρ
1524 1112 1605 1185 ὂν
1647 1116 1820 1205 πρὸς
1866 1116 2051 1209 ἑστίᾳ
2094 1124 2265 1186 θεοῦ

957 1225 1214 1303 Φοίβου
1259 1227 1636 1307 καθαρμοῖς
1680 1215 1908 1311 ἠλάθη
1949 1219 2432 1308 χοιροκτόνοις.

645 1351 760 1413 Hie
805 1353 987 1429 igitur
1031 1353 1223 1428 pictor
1271 1371 1390 1411 non
1423 1351 1613 1411 solum
1649 1349 1917 1411 diversas
1950 1351 2294 1428 tragoediae
2326 1355 2531 1428 partes
2564 1352 2889 1428 coniunxit,

646 1455 751 1515 sed
798 1474 868 1515 ea
914 1472 1155 1532 quoque
1198 1452 1458 1530 imagine
1505 1454 1826 1530 expressit,
1890 1472 2045 1530 quae
2089 1455 2147 1512 iu
2203 1473 2423 1514 scaena
2480 1454 2721 1514 omniuo
2767 1473 2883 1515 non

647 1556 1187 1635 conspiciebantur,
1230 1556 1337 1617 sed
1382 1557 1725 1617 narratione
1764 1561 1992 1616 tantum
2026 1557 2495 1634 exponebantur.
2582 1557 2739 1631 Quid
2781 1559 2889 1634 igi-

645 1660 792 1720 tur?
878 1660 1096 1720 Nonne
1124 1660 1480 1726 [luculenter
1523 1663 1805 1736 apparet,
1862 1678 1982 1737 qua
2028 1659 2257 1720 ratione
2301 1661 2445 1719 artis
2492 1661 2887 1720 monumentIs

647 1762 724 1822 ad
784 1762 1015 1822 fabulas
1076 1762 1476 1823 restituendas
1531 1763 1616 1821 uti
1676 1763 2016 1839 possimus?
2104 1761 2501 1840 Suppeditant
2547 1764 2701 1823 enim
2748 1763 2887 1822 ima—

645 1865 816 1943 gines
862 1865 1200 1925 fabularum
1248 1869 1625 1940 argumenta,
1687 1865 1851 1941 ipsas
1896 1863 2131 1924 fabulas
2186 1882 2306 1924 non
2352 1868 2680 1942 praestant.
2771 1865 2887 1939 Qui

647 1967 1062 2046 compositioni
1106 1965 1438 2028 fabularum
1487 1985 1731 2044 operam
1779 1967 1882 2026 dat
1927 1967 2325 2028 inveniendae
2358 1973 2540 2044 atque
2572 1969 2887 2028 enucleare

648 2071 867 2145 studet,
911 2071 1055 2148 quid
1100 2071 1159 2131 in
1206 2089 1422 2130 scaena
1467 2075 1855 2147 conspectum
1904 2071 2009 2144 sit,
2054 2070 2199 2146 quid
2244 2071 2589 2131 nuntiorum
2639 2073 2888 2132 narrati·

649 2175 865 2235 onibus
908 2173 1268 2242 diverbiisve
1313 2174 1724 2250 tribuendum,
1771 2172 2104 2235 cavendum
2154 2174 2207 2234 ei
2253 2180 2377 2250 est,
2422 2192 2495 2234 ne
2538 2175 2670 2235 aliis
2713 2194 2890 2252 argu—

648 2276 862 2338 mentis
909 2275 1170 2337 confidat
1225 2295 1403 2353 quam
1457 2277 1603 2354 ipsis
1661 2276 1900 2336 fabulae
1953 2275 2304 2354 fragmentis
2349 2280 2410 2337 et
2454 2295 2710 2338 scaenae
2759 2278 2890 2338 usui

648 2379 969 2456 diligenter
1013 2380 1350 2439 observato.
2824 2447 2827 2452 ,

823 2483 958 2542 Jam
1025 2481 1231 2561 paucis
1297 2481 1801 2562 comprehendam
1871 2501 2027 2561 quae
2094 2487 2321 2543 restant
2382 2490 2765 2545 monumenta
2829 2485 2889 2544 in

655 2585 1048 2646 Eumenidum
1082 2590 1434 2662 argumento
1465 2592 1723 2647 versata.
1811 2587 2231 2648 Praetermitto
2263 2605 2543 2664 magnum
2576 2605 2889 2646 numerum

651 2690 1052 2766 picturarum,
1113 2707 1267 2766 quae
1329 2687 1602 2751 Orestem
1664 2691 1947 2751 exhibent
2005 2689 2081 2750 ad
2139 2690 2478 2766 omphalum
2535 2691 2886 2766 fugientem

653 2810 808 2869 quae
852 2793 978 2851 sive
1023 2796 1304 2852 accurate
1349 2793 1428 2852 ad
1473 2793 1871 2871 Aeschyleam
1917 2793 2173 2854 fabulam
2232 2812 2363 2854 sese
2415 2795 2726 2870 applicant
2767 2796 2893 2855 sive

652 2893 727 2954 ad
784 2895 1084 2954 libidinem
1141 2896 1216 2955 ab
1274 2914 1344 2956 eo
1399 2895 1719 2957 discedunt
1770 2896 1899 2956 fere
1961 2896 2107 2956 nibil
2164 2897 2242 2956 ad
2302 2902 2571 2957 nostrum
2634 2896 2891 2957 studium

652 2999 912 3058 afferunt
955 2999 1249 3058 momenti.
1344 2997 1684 3076 Diligenter
1738 3018 1838 3059 eas
1898 2999 2177 3058 collectas
2223 3001 2527 3060 enarravit
2582 3000 2895 3061 Conradus

652 3100 976 3162 Wernicke
1033 3102 1092 3160 in
1139 3103 1292 3161 actis
1336 3102 1809 3179 archaeologieis
1852 3103 2018 3161 XLII
2068 3106 2232 3164 1884
2276 3122 2331 3180 p.
2368 3107 2487 3165 199
2504 3122 2581 3164 ss.
2668 3104 2895 3164 Contra

653 3204 1010 3281 sarcophagi
1067 3205 1321 3264 Romani
1389 3208 1687 3281 quotquot
1745 3203 1976 3265 Orestis
2038 3205 2161 3266 fata
2221 3206 2296 3265 ad
2367 3207 2653 3284 Aeschyli
2718 3206 2891 3266 fidem

654 3308 1002 3368 continuato
1049 3307 1260 3368 ordine
1305 3311 1582 3384 narrant,
1608 3304 1654 3380 ¹)
1716 3305 1983 3367 Orestem
2030 3292 2299 3382 exibent,
2358 3311 2456 3387 qui
2505 3311 2894 3370 dormientem

655 3409 868 3470 furiam
915 3414 1330 3488 transgressus
1381 3409 1586 3470 furtim
1643 3430 1716 3471 ex
1761 3411 1910 3471 aede
1954 3412 2247 3490 Apollinis
2308 3418 2497 3472 semet
2555 3413 2895 3473 subducere

657 3518 926 3573 conatur.
1013 3512 1278 3574 Eandem
1326 3533 1450 3574 rem
1499 3532 1625 3574 cum
1674 3515 1961 3590 praebeat
2003 3514 2402 3592 fragmentum
2460 3517 2619 3576 vasis
2678 3515 2895 3589 fieti‚2)

656 3614 914 3675 dubitari
967 3616 1068 3675 vix
1125 3619 1325 3693 potest
1383 3617 1528 3694 quin
1591 3635 1665 3676 ex
1711 3616 1875 3676 clara
1918 3618 2119 3695 aliqua
2175 3619 2413 3697 pictura
2456 3620 2582 3679 sive
2628 3619 2896 3680 Theonis

658 3718 785 3777 sive
815 3718 1184 3779 Timomachi
1216 3718 1364 3778 haee
1396 3737 1616 3780 scaena
1644 3720 1921 3796 pendeat.
2009 3721 2287 3781 Calculus
2318 3740 2559 3799 quoque
2591 3723 2895 3782 Minervae

657 3820 917 3879 occurrit
961 3824 1026 3880 ut
1071 3821 1132 3879 in
1177 3823 1320 3880 'vase
1366 3826 1649 3898 argenteo
1670 3819 1719 3895 3)
1764 3823 1851 3882 ita
1893 3823 1949 3880 in
1986 3825 2373 3902 sarcophagis
2406 3825 2713 3884 nonnullis
2743 3843 2896 3884 mar·

658 3921 893 3994 moreis,
913 3921 962 3994 ⁴)
1009 3922 1109 3983 ubi
1155 3923 1266 3983 dea
1313 3942 1512 3984 coram
1557 3923 1717 3985 furia
1761 3926 2036 3986 tabellam
2082 3927 2139 3984 in
2175 3945 2383 3988 urnam
2417 3926 2693 3987 demittit.
2757 3924 2897 3986 Sola

831 4121 870 4187 ¹)
906 4120 1034 4175 vid.
1068 4120 1311 4189 nobert,
1357 4120 1938 4191 Sarkophag-Reliefs
1974 4122 2053 4191 11,
2101 4123 2210 4178 tab.
2244 4091 2587 4180 inv—LVI.
2622 4138 2678 4191 p.
2706 4127 2799 4178 165
2820 4139 2894 4180 ss.

658 4207 704 4273 2)
741 4205 1081 4273 Expressum
1129 4207 1276 4275 apud
1321 4205 1586 4275 Stephani
1631 4209 2084 4278 Compte-reudu
2124 4213 2269 4263 1870.
2311 4213 2435 4264 1871
2485 4209 2595 4263 tab.
2630 4214 2659 4262 5
2707 4210 2796 4264 Nr.
2837 4214 2889 4263 ll

657 4308 712 4360 p.
733 4296 849 4346 195.
887 4293 1101 4348 Robert
1123 4293 1155 4350 l.
1178 4311 1225 4348 c.
1261 4311 1313 4362 p.
1343 4299 1452 4349 ¹70.
1539 4298 1584 4364 ⁸)
1619 4295 1925 4362 Overbeck‚
1968 4295 2201 4351 Gallerie
2240 4294 2553 4350 heroischer
2587 4296 2899 4351 Bildwerke

665 4377 856 4430 XXIX
897 4383 976 4434 15.
1082 4380 1125 4449 ⁴)
1161 4380 1287 4435 Vid.
1313 4381 1524 4435 Robert
1559 4379 1592 4436 1.
1619 4397 1664 4435 c.
1702 4381 1811 4437 tab.
1837 4381 1932 4438 LV
1970 4381 2060 4450 fig.
2089 4381 2251 4436 156b.
2291 4386 2385 4435 157
2398 4397 2447 4436 a.
2483 4398 2539 4450 p.
2563 4387 2673 4458 173..
2780 4449 2783 4454 Ι
