3309 5292
916 615 990 685 ἐκ
1037 611 1370 681 Διονύσου
1415 611 1749 700 πετρώδει
1795 612 2270 700 κατάφαρκτος
2316 614 2390 680 ἐν
2436 617 2671 700 δεσμῷ.

916 711 1101 783 οὕτω
1142 721 1262 795 τᾶς
1303 720 1543 802 μανίας
1587 713 1813 784 δεινὸν
1859 712 2241 802 ἀποστάζει,

914 812 1223 907 ἀνθηρόν
1266 845 1338 886 τε
1381 821 1580 905 μένος
1614 841 1626 854 ·
1665 835 1887 898 κεῖνος
1931 821 2191 907 ἐπέγνω
2234 820 2499 903 μανίαις

917 918 1168 1004 ψαύων
1214 919 1338 989 τὸν
1384 919 1554 988 θεόν
1599 921 1674 988 ἐν
1716 925 2094 1009 κερτομίοις
2137 919 2481 1008 γλώσσαις.

912 1022 1207 1092 παύεσκε
1243 1025 1372 1110 μὲν
1417 1022 1540 1110 γὰρ
1587 1025 1873 1102 ἐνθέους

914 1140 1233 1212 γυναῖκας
1278 1120 1460 1193 εὔιόν
1505 1151 1576 1192 τε
1621 1131 1780 1212 πῦρ,

914 1227 1285 1311 φιλαύλους
1332 1230 1390 1294 δ’
1417 1223 1682 1317 ἠρέθιζε
1726 1225 1998 1313 μούσας.

779 1357 932 1415 Nam
981 1373 1114 1415 cum
1162 1356 1420 1416 fabulam
1469 1356 1542 1416 de
1588 1356 1874 1432 Lycurgo
1921 1373 2070 1432 rupe
2116 1355 2345 1415 incluso
2388 1356 2853 1418 Atheniensibus

607 1457 864 1518 fortasse
908 1477 1027 1518 non
1073 1461 1214 1518 ante
1257 1459 1326 1517 V.
1358 1460 1663 1518 saeculum
1698 1463 1898 1518 notam
1938 1457 2123 1517 fuisse
2154 1457 2308 1517 infra
2340 1457 2855 1519 demonstraturus

608 1560 736 1636 sim,
796 1579 871 1619 ex
931 1559 1243 1635 tragoedia
1303 1560 1560 1637 quadam
1607 1558 1962 1637 Sophoclem
2028 1577 2156 1619 eam
2215 1560 2485 1620 hausisse
2544 1561 2669 1620 veri
2731 1580 2849 1620 non

610 1662 889 1722 dissimile
935 1666 1040 1722 est.
1128 1661 1187 1723 Si
1247 1666 1412 1722 recte
1457 1661 1534 1721 ad
1591 1662 1952 1740 Aeschylum
2001 1680 2127 1721 eam
2184 1680 2421 1739 revoco,
2480 1663 2849 1724 Baccharum

608 1763 862 1824 fortasse
907 1764 1094 1824 instar
1124 1764 1408 1824 Neanisci
1455 1763 1630 1824 finem
1680 1764 2051 1824 habuerunt:
2097 1764 2371 1824 restituto
2418 1765 2531 1824 iam
2565 1765 2851 1842 Lycurgo

606 1867 665 1924 in
713 1884 917 1926 sanam
966 1869 1220 1926 mentem
1257 1867 1561 1943 Dionysus
1604 1868 1663 1925 iu
1696 1883 1973 1927 scaenam
2005 1884 2309 1944 regressus
2340 1885 2551 1928 saxeas
2582 1867 2853 1927 vinculas

607 1973 1040 2044 aeternumque
1087 1967 1410 2028 cruciatum
1461 1967 1778 2045 praedixit.

779 2070 1016 2148 Septem
1064 2071 1248 2147 igitur
1280 2073 1493 2131 octove
1524 2089 1819 2149 personae
1852 2072 1913 2130 in
1944 2070 2261 2130 Neaniscis
2294 2089 2649 2149 progressae
2680 2076 2851 2132 sunt:

605 2174 951 2250 Lycurgus,
1017 2173 1254 2251 regina,
1321 2173 1685 2250 Mercurius,
1754 2174 1979 2248 Lyssa,
2045 2174 2291 2234 nuntius
2360 2171 2853 2251 (canephorusP),

608 2276 831 2336 amicus
877 2274 1120 2352 quidam
1165 2280 1225 2335 et
1287 2275 1544 2336 fortasse
1589 2279 1777 2335 mater
1821 2276 2105 2352 Lycurgi.
2194 2274 2425 2348 Quibus
2470 2277 2742 2336 omnibus
2787 2281 2852 2335 ut

609 2377 727 2438 duo
787 2381 1021 2438 actores
1081 2377 1494 2438 satisfacerent
1551 2377 1795 2437 dubium
1856 2395 1986 2438 esse
2052 2378 2257 2452 nequit
2316 2379 2459 2454 quin
2514 2378 2852 2455 Aeschylus

611 2480 850 2541 efficere
883 2481 1174 2558 potuerit3
1208 2480 1462 2540 certiora
1491 2481 1550 2538 in
1583 2479 1696 2539 hac
1727 2498 1793 2539 re
1823 2483 1941 2539 tam
1975 2480 2203 2548 ineerta
2226 2480 2519 2540 affirmare
2546 2480 2850 2542 nonlicet.

777 2670 986 2728 Restat
1042 2673 1106 2727 ut
1150 2666 1224 2726 de
1286 2671 1502 2744 quarta
1557 2667 1907 2744 tetralogiae
1965 2667 2167 2727 fabula
2226 2686 2422 2744 pauca
2481 2668 2693 2728 dicam.
2781 2671 2846 2729 In

609 2789 728 2848 qua
761 2771 1104 2847 Lycurgum
1154 2770 1417 2829 vinctum
1467 2774 1526 2830 et
1571 2789 1608 2829 a
1637 2770 1854 2847 satyris
1887 2775 1991 2830 aut
2021 2769 2329 2846 quibusvis
2362 2769 2493 2830 aliis
2525 2772 2849 2833 cultoribus

607 2873 826 2933 Bacchi
871 2873 1105 2933 irrisum
1156 2874 1519 2950 processisse
1565 2871 1741 2932 docet
1786 2873 2185 2950 fragmentum
2232 2871 2515 2932 traditum
2562 2875 2636 2934 ab
2670 2875 2848 2934 inter-

606 2981 775 3054 prete
806 2976 1226 3053 ⁴Aristophanis
1257 2975 1332 3036 ad
1367 2977 1518 3053 Equ.
1555 2979 1721 3038 1150
1765 2961 2097 3052 Αἰσχύλος
2127 2967 2201 3034 ἐν
2230 2965 2607 3054 Λυκούργῳ
2650 2961 2848 3056 ἄλλη-

607 3075 894 3156 γορικοῦς
952 3067 1113 3148 τοὺς
1174 3068 1454 3156 δεσμοὺς
1514 3068 1766 3157 κημούς
1825 3071 2043 3157 εἴρηκε
2079 3073 2235 3136 ’καὶ
2295 3069 2536 3138 τούσδε
2596 3070 2848 3158 κημούς

609 3171 962 3258 στόματος.
1012 3183 1275 3255 Quarum
1305 3180 1746 3242 cavillationum
1773 3181 2109 3258 exemplum
2136 3183 2398 3242 servavit
2419 3183 2771 3242 Athenaeus
2795 3185 2849 3242 X

608 3302 664 3361 p.
696 3288 819 3344 447
855 3285 899 3344 c

913 3371 1058 3444 Κᾶκ
1104 3369 1306 3444 τῶνδ’
1354 3375 1536 3444 ἔπινε
1583 3383 1836 3462 βρῦτον
1882 3379 2247 3464 ἰσχναίνων
2287 3377 2513 3466 χρόνῳ

911 3483 1023 3546 καὶ
1071 3477 1511 3566 σεμνοκόπτει
1555 3473 1744 3547 τοῦτ’
1790 3481 1864 3546 ἐν
1908 3473 2177 3569 ἀνδρείᾳ
2224 3483 2437 3569 στέγῃ.

606 3609 702 3670 Sic
745 3612 1051 3686 potatores
1095 3609 1154 3668 in
1201 3609 1466 3686 Lycurgi
1512 3609 1849 3668 calamitate
1894 3609 2181 3670 iocantur.

779 3798 906 3856 Etsi
967 3801 1134 3858 extra
1195 3798 1451 3858 officium
1501 3817 1536 3856 a
1582 3815 1674 3858 me
1728 3803 2071 3875 susceptum
2119 3799 2376 3875 positum
2426 3804 2517 3859 est
2560 3799 2845 3878 indagare

606 3919 862 3976 quanam
927 3904 1056 3960 arte
1121 3899 1460 3976 Aeschylus
1528 3899 1809 3959 traditum
1883 3905 2298 3977 argumentum
2375 3903 2847 3980 commutaverit,

607 4003 858 4073 auxerit,
905 4020 1154 4062 scaenae
1199 4002 1594 4078 adaptaverit,
1639 4006 1836 4062 tamen
1870 4003 2075 4079 paucis
2106 4003 2164 4063 in
2204 4003 2363 4064 hanc
2394 4023 2633 4081 quoque
2665 4022 2843 4081 quae-

607 4105 859 4165 stionem
900 4104 1240 4165 incumbere
1288 4105 1426 4162 mihi
1471 4103 1669 4180 liceat,
1712 4106 1933 4182 quippe
1978 4105 2145 4166 cuius
2188 4107 2433 4166 Homeri
2480 4108 2842 4184 comparatio

607 4224 811 4266 ansam
889 4206 1187 4285 praebeat.
1296 4206 1612 4266 Diomedes
1687 4208 1840 4267 enim
1907 4209 1966 4267 in
2035 4207 2222 4268 Iliade
2288 4227 2419 4268 cum
2489 4209 2715 4270 Glauco
2783 4211 2843 4270 in

606 4327 811 4386 pugna
856 4326 1215 4386 congressus
1261 4309 1398 4369 dum
1447 4328 1524 4368 au
1569 4307 1716 4369 deus
1760 4309 1859 4368 ille
1904 4310 1981 4369 sit
2018 4308 2249 4371 dubitat
2278 4310 2647 4392 aggredique
2678 4311 2841 4375 illum

606 4430 727 4476 non
773 4410 970 4494 audet,
1014 4412 1279 4475 meminit
1325 4412 1590 4494 Lycurgi
1635 4408 1696 4476 Ζ
1730 4413 1851 4476 130
1881 4426 1985 4475 ss:
