3309 5292
651 423 770 484 112

651 593 996 654 Benndorfii
1043 595 1345 672 egregiam
1392 593 1857 672 disputationem
1879 591 1922 665 1)
1968 592 2125 654 inter
2170 610 2376 653 omnes
2421 595 2672 652 constat.
2760 593 2889 652 Nec

647 701 858 757 auctor
903 698 1171 774 picturae
1215 697 1387 757 latet:
1432 697 1641 757 Theon
1689 695 1800 757 fuit
1840 696 2088 756 Samius.
2108 687 2159 766 2)

820 801 1015 878 Ipsam
1085 801 1559 878 Clytaemestrae
1627 818 1834 859 necem
1894 797 2219 858 secundum
2282 798 2569 876 Aeschyli
2626 797 2887 857 fabulam

646 902 884 980 pictura
927 904 1292 980 Pompeiana
1338 902 1591 979 exhibet,
1636 920 1793 978 quae
1838 919 2124 978 expressa
2169 904 2260 962 est
2303 902 2361 960 in
2406 901 2579 961 diarii
2611 900 2887 960 archace-

648 1006 822 1082 logici
854 1010 993 1066 tom.
1022 1006 1158 1065 XLI
1208 1008 1368 1067 1883
1416 1005 1533 1064 tab.
1565 1009 1620 1077 9,
1658 1010 1708 1065 1.
1796 1005 1989 1064 Mater
2020 1003 2223 1064 mortis
2254 1003 2571 1063 formidine
2600 1021 2890 1081 percussa

650 1128 956 1168 mammam
1004 1109 1260 1186 detegit,
1320 1127 1442 1185 qua
1493 1107 1678 1167 filium
1726 1106 2025 1184 quondam
2081 1107 2303 1180 alebat,
2362 1106 2587 1166 frustra
2640 1110 2887 1166 mortem

649 1211 987 1290 deprecata.
1077 1209 1368 1272 Conferas
1414 1210 1903 1289 Choephororum
1953 1227 2160 1270 versus
2205 1212 2543 1271 896—898

957 1323 1233 1408 ἐπίσχες,
1279 1309 1336 1388 ὦ
1381 1336 1522 1403 παῖ,
1567 1318 1768 1388 τόνδε
1815 1313 1873 1387 ‹5'
1919 1322 2193 1402 αἴδεσαι,
2238 1322 2503 1402 τέκνον,

954 1422 1230 1511 μαστὸν,
1275 1423 1446 1511 πρὸς
1491 1415 1549 1507 ᾧ
1597 1420 1679 1492 σὺ
1723 1421 1944 1490 πολλὰ
1988 1421 2067 1513 δὴ
2111 1426 2359 1510 βρίζων
2406 1417 2537 1509 ἅμα

953 1525 1256 1596 οὔλοισιν
1300 1527 1652 1619 ἐξήμελξας
1699 1518 2023 1612 εὐτραφὲς
2066 1527 2258 1612 γάλα.

648 1641 757 1703 Cui
803 1642 1073 1718 picturae
1119 1642 1218 1717 qui
1265 1639 1508 1699 similem
1557 1638 1817 1714 speciem
1863 1657 2011 1715 prae
2056 1656 2123 1698 se
2167 1637 2287 1698 fert
2330 1640 2741 1716 sarcophagus
2780 1642 2886 1700 Pe·

645 1745 1044 1822 tropolitanus
1089 1742 1220 1819 (Nr.
1257 1745 1374 1803 155
1422 1742 1583 1819 apud
1630 1742 1979 1811 Robertum)
2026 1741 2187 1801 haud
2234 1742 2359 1802 scio
2420 1761 2495 1800 an
2542 1762 2663 1802 non
2723 1747 2887 1804 recte

646 1845 798 1908 huic'
832 1845 1030 1908 ordini
1075 1845 1518 1923 adnumeretur,
1563 1864 1697 1904 cum
1744 1844 1820 1904 ad
1868 1845 2023 1903 alius
2070 1845 2381 1906 cuiusdam
2414 1849 2624 1922 poetae
2655 1850 2886 1923 tragoe-

644 1952 802 2012 diam
850 1968 981 2010 eum
1031 1951 1304 2026 spectare
1352 1952 1516 2008 certa
1561 1949 1735 2025 signa
1781 1940 2121 2025 doceant.³)
2212 1948 2436 2008 Contra
2492 1949 2649 2008 baud
2706 1949 2886 2010 dubie

643 2055 764 2114 huc
809 2053 1069 2130 pertinet
1123 2051 1432 2129 amphora,
1491 2069 1646 2127 quae
1709 2048 1981 2110 Orestem
2043 2050 2285 2110 exhibet
2345 2069 2478 2111 cum
2542 2069 2747 2112 sorore
2810 2052 2886 2113 ad

645 2157 834 2234 patris
879 2155 1168 2216 tumulum
1217 2171 1627 2231 congressum.
1646 2151 1697 2226 ⁴)
1786 2152 1976 2227 Quam
2038 2173 2163 2213 rem
2218 2154 2583 2232 Aeschylum
2638 2155 2888 2231 perinde

642 2279 714 2320 ac
758 2259 1156 2320 Stesichorum
1205 2257 1543 2325 narravisse
1589 2260 1840 2329 constat,
1886 2257 2000 2316 nisi
2047 2257 2208 2333 quod
2241 2258 2529 2334 Pyladem
2573 2276 2707 2318 cum
2748 2259 2884 2318 Tal-

641 2362 850 2439 thybio
881 2361 1111 2423 Orestis
1157 2361 1370 2420 comite
1416 2361 1687 2418 mutavit.
1772 2358 2210 2420 Stesichoream
2243 2359 2501 2420 fabulam
2532 2361 2647 2421 iam
2680 2363 2885 2438 quinto

641 2465 882 2525 saeculo
926 2465 1170 2523 ineunte
1214 2463 1272 2523 in
1306 2462 1649 2539 anaglypho
1695 2461 1940 2538 figulino
1986 2481 2328 2539 expressam
2362 2465 2535 2523 etiam
2584 2463 2886 2525 inferioris

642 2568 853 2628 aetatis
909 2566 1168 2643 pictores
1230 2565 1417 2625 secuti
1477 2563 1697 2637 suut.⁵)
1784 2565 2046 2625 Nostrae
2101 2584 2245 2626 vero
2308 2567 2631 2643 amphorae
2694 2568 2887 2646 pictor

643 2674 709 2729 ut
753 2671 1090 2747 exemplum
1137 2668 1286 2729 illud
1333 2667 1410 2727 ad
1441 2667 1725 2745 Aeschyli
1772 2667 2029 2727 fabulam
2074 2669 2569 2746 accommodaret,
2613 2669 2883 2731 Orestem

642 2775 836 2851 pinxit
881 2793 1010 2834 cum
1056 2771 1288 2852 Pylade
1335 2776 1395 2831 et
1438 2790 1630 2848 puero
1678 2772 1939 2848 quodum
1986 2773 2199 2833 comite
2246 2773 2322 2832 ad
2368 2775 2559 2850 patris
2590 2775 2883 2835 tumulum

639 2895 1005 2954 aggressum,
1051 2895 1227 2954 quem
1275 2876 1517 2936 Electra
1561 2873 1835 2934 adornat.

810 3048 904 3107 Ab
949 3047 1199 3109 Orestea
1243 3046 1319 3108 ad
1367 3040 1787 3106 Prometheum
1833 3041 2091 3106 vinclum
2140 3051 2408 3123 transe0,
2468 3067 2645 3125 quam
2705 3068 2880 3108 unam

639 3153 878 3227 praeter
936 3150 1095 3209 illam
1157 3169 1189 3210 e
1245 3149 1463 3209 fabulis
1520 3150 1776 3209 servatis
1835 3151 2097 3226 pictores
2152 3151 2523 3228 spectavisse
2584 3151 2882 3212 videntur.

639 3253 773 3312 Huc
817 3252 1043 3312 rettulit
1080 3249 1538 3329 Furtwaengler
1583 3252 1844 3328 lapidem
1892 3253 2159 3330 incisum,
2206 3254 2304 3329 qui
2350 3253 2596 3313 titanem
2642 3253 2884 3314 exhibet

639 3372 770 3413 cum
831 3355 1098 3414 Vulcano
1167 3353 1637 3426 coniunctum.⁶)
1740 3354 2130 3415 Prometheus
2194 3357 2293 3431 qui
2356 3357 2594 3416 immani
2656 3361 2885 3417 statura

808 3485 846 3550 ¹)
881 3483 946 3536 In
971 3483 1262 3538 annalibus
1287 3483 1531 3538 instituti
1553 3483 1953 3553 archaeologici
1971 3485 2245 3543 XXXVII
2272 3491 2399 3540 1865
2432 3502 2485 3553 p.
2509 3490 2622 3540 224.
2696 3486 2734 3553 ²)
2755 3486 2877 3541 Vid.

637 3568 925 3623 Benndorf
945 3569 978 3622 l.
999 3585 1045 3622 c.
1064 3585 1119 3637 p.
1144 3573 1259 3623 239.
1329 3572 1375 3638 ³)
1401 3569 1527 3625 vid.
1551 3570 1769 3625 Robert
1802 3570 1836 3624 l.
1858 3571 1892 3625 l.
1927 3587 1982 3639 p.
2005 3576 2120 3626 165.
2207 3572 2251 3639 ⁴)
2275 3571 2657 3641 Heydemann,
2693 3572 2882 3627 Vasen

636 3653 737 3708 des
774 3654 967 3711 Museo
1003 3654 1287 3710 nazionale
1324 3672 1392 3709 zu
1427 3655 1651 3725 Neapel.
1707 3657 1810 3712 Nc.
1833 3662 1980 3711 1755.
2026 3687 2094 3695 —
2140 3658 2507 3726 Baumeister,
2544 3655 2881 3712 Bilderheftc

635 3740 735 3794 No,
768 3743 883 3793 280.
985 3741 1031 3807 ⁵)
1068 3740 1213 3794 Mon.
1242 3740 1296 3794 d.
1330 3741 1465 3795 Inst.
1495 3741 1577 3796 VI
1610 3745 1720 3796 tav.
1754 3741 1922 3798 LVII.
1995 3742 2176 3797 Conze
2221 3743 2277 3796 in
2312 3743 2598 3797 annalibus
2646 3743 2882 3797 instituti

636 3823 1035 3893 archaeologici
1051 3830 1167 3879 tom
1190 3829 1314 3880 1861
1343 3842 1400 3894 p.
1419 3830 1500 3880 34.
1537 3827 1766 3896 Robert,
1783 3828 1909 3881 Bild
1932 3828 2045 3882 und
2063 3828 2201 3882 Lied
2224 3845 2277 3896 p.
2297 3834 2468 3883 167ss.
2537 3831 2582 3894 ⁶)
2617 3827 2683 3881 In
2708 3828 2881 3883 diario

636 3909 1049 3978 archaeologico
1090 3910 1271 3965 XLIII
1313 3916 1440 3966 1885
1478 3928 1531 3979 p.
1555 3917 1671 3966 223.
1753 3913 1983 3968 Gemma
2012 3913 2294 3968 Odessana
2328 3915 2447 3968 sine
2484 3914 2651 3969 dubio
2687 3914 2880 3969 eadem

635 4000 737 4062 est,
767 4010 929 4063 quam
964 3996 1252 4051 Eduardus
1291 3996 1604 4052 Gerhardus
1631 3999 1686 4052 in
1724 4000 1893 4053 diario
1930 3999 2340 4068 archaeologico
2366 4000 2749 4054 delineandam
2785 4013 2877 4053 cu·

634 4081 777 4135 ravit
813 4081 912 4149 (IV
952 4085 1080 4136 1849
1117 4083 1229 4137 tab.
1249 4083 1330 4137 VI
1351 4085 1422 4153 3),
1461 4084 1530 4138 de
1555 4084 1717 4140 Ulixe
1743 4090 1801 4140 et
1823 4085 2132 4140 Philoctete
2166 4086 2359 4141 iniuria
2394 4085 2660 4154 cogLanS.
2713 4086 2878 4154 Lapis

634 4171 766 4220 tunc
791 4164 1051 4236 Smyrnae
1079 4173 1210 4222 erat.
1282 4168 1448 4237 Fugit
1471 4170 1576 4224 hoc
1600 4169 2129 4239 Furtwaenglerum3
2166 4171 2269 4225 sed
2305 4170 2467 4225 etiam
2504 4169 2675 4238 magis
2712 4171 2879 4225 miror

632 4249 943 4319 Blochium,
991 4251 1083 4320 qui
1130 4267 1305 4320 nuper
1351 4253 1422 4307 de
1470 4269 1687 4324 gemma
1733 4253 1824 4308 illa
1867 4255 2116 4311 similiter
2158 4270 2222 4308 ac
2256 4254 2567 4310 Gerhardus
2613 4255 2880 4310 iudicavit

633 4334 1068 4403 (Grieschischer
1116 4337 1566 4393 Wandschmuck
1610 4356 1667 4408 p.
1710 4341 1827 4408 35),
1874 4339 2438 4408 Furtwaenglerianae
2487 4340 2878 4409 disputationis

633 4436 865 4489 prorsus
901 4422 1274 4478 immemorem
1312 4422 1498 4479 fuisse.
