3309 5292
660 399 782 457 128

827 566 1234 627 Transeamus
1278 567 1354 626 ad
1403 562 1647 629 Nioben.
1720 567 1923 627 Edidit
1966 573 2029 627 ct
2073 567 2395 627 illustravit
2434 566 2903 643 Heydemannus

659 669 846 729 musei
877 669 1262 746 Neapolitani
1292 670 1642 748 amphoram
1662 668 1732 747 ¹),
1777 688 1935 747 quae
1979 670 2088 730 etsi
2136 669 2301 730 nullo
2348 668 2529 728 dubio
2574 668 2651 728 ad
2681 668 2903 728 Niobes

657 771 921 833 fabulam
968 773 1288 834 referenda
1331 792 1462 835 esse
1494 775 1746 851 videtur,
1790 777 1988 833 tamen
2021 773 2404 833 vehementer
2432 772 2739 848 discrepat
2768 790 2902 831 cum

661 875 934 936 omnibus
997 893 1153 953 quae
1213 877 1289 936 ad
1351 878 1480 937 eius
1523 875 1650 936 fata
1696 880 1971 953 spectant
2016 875 2431 937 monumentis.
2518 877 2584 935 In
2632 874 2903 935 aedificio

659 979 951 1039 columnis
1009 978 1216 1038 innixo
1276 980 1580 1040 mulierem
1639 980 1969 1053 cernimus,
2031 996 2185 1055 quae
2246 979 2433 1038 altera
2492 996 2670 1038 manu
2725 979 2901 1055 capiti

661 1083 937 1157 imposita
1001 1081 1246 1142 alteram
1315 1081 1391 1142 ad
1458 1085 1672 1160 pectus
1732 1099 1979 1142 movens
2038 1081 2341 1158 geminata
2398 1083 2611 1140 summi
2678 1080 2904 1142 doloris

659 1184 880 1244 indicia
937 1203 1084 1261 prae
1144 1202 1210 1244 se
1271 1183 1433 1245 ferre
1477 1185 1733 1246 videtur.
1820 1186 2005 1245 Juxta
2066 1183 2397 1244 aedificium
2456 1203 2493 1242 a
2538 1183 2756 1243 dextra
2796 1184 2903 1243 ad-

660 1287 824 1347 venit
881 1304 989 1346 rex
1049 1287 1290 1363 quidam
1349 1306 1560 1364 senex,
1619 1286 1723 1364 qui
1785 1306 2014 1348 summo
2076 1305 2211 1346 cum
2270 1285 2489 1346 ardore
2544 1286 2770 1347 mulieri
2816 1285 2905 1345 illi

660 1388 885 1466 aliquid
930 1389 1298 1466 persuadere
1343 1390 1560 1451 studet.
1633 1391 1855 1466 Regem
1904 1408 2037 1450 esse
2082 1390 2243 1450 illum
2292 1393 2353 1449 et
2380 1393 2683 1466 sceptrum
2729 1389 2907 1449 docet

660 1498 721 1554 et
765 1492 1152 1570 doryphorus
1197 1512 1330 1553 enm
1378 1501 1640 1553 secutus.
1726 1493 1821 1552 Ab
1866 1494 2057 1554 altera
2100 1498 2273 1569 parte
2320 1497 2591 1553 matrona
2633 1493 2907 1552 considet

661 1598 858 1673 capite
890 1596 1108 1670 velato,
1155 1613 1309 1672 quae
1355 1600 1415 1656 et
1459 1597 1592 1673 ipsa
1637 1595 1715 1655 ad
1762 1597 2067 1655 mulierem
2098 1596 2259 1655 illam
2295 1595 2478 1654 verba
2507 1594 2668 1655 facit.
2734 1594 2903 1656 Com-

661 1700 866 1776 plures
909 1697 1333 1760 circumsident
1363 1700 1640 1776 virgines,
1686 1717 1841 1775 quae
1888 1699 2071 1758 cistas
2115 1697 2525 1774 mundumque
2556 1698 2902 1756 muliebrem

659 1803 718 1861 in
772 1801 1047 1861 manibus
1107 1801 1344 1862 habent.
1430 1802 1787 1879 Laguncula
1847 1801 2120 1861 calathus
2179 1801 2412 1860 cithara
2470 1801 2687 1861 thorax
2744 1801 2904 1859 humi

657 1905 875 1963 iacent.
949 1904 1227 1979 Denique
1271 1905 1333 1963 in
1379 1905 1691 1981 superiore
1735 1903 2059 1980 amphorae
2104 1907 2275 1980 parte
2321 1903 2418 1962 hic
2448 1902 2725 1979 Juppiter
2770 1921 2904 1961 cum

663 2007 985 2078 Mercurio,
1053 2006 1176 2066 illic
1243 1998 1480 2067 Latona
1544 2006 1818 2067 considet
1884 2025 2020 2076 cum
2065 2006 2267 2066 liberis
2312 2007 2436 2065 suis
2481 2008 2625 2065 satis
2689 2006 2905 2081 puerili

661 2112 857 2169 aetate
901 2107 1133 2168 effictis.

830 2211 1066 2271 Nioben
1113 2216 1172 2271 et
1199 2211 1523 2271 Tantalum
1570 2218 1801 2290 patrem
1850 2212 2139 2272 artificem
2185 2213 2436 2290 pingere
2480 2211 2745 2274 voluisse
2788 2212 2904 2271 iam

661 2313 1131 2391 Heydemannus
1177 2315 1513 2391 perspexit,
1573 2334 1695 2392 qua
1740 2315 1816 2374 de
1861 2333 1927 2374 re
1970 2315 2205 2374 Latona
2250 2333 2381 2374 cum
2425 2314 2627 2374 liberis
2672 2333 2904 2374 omnem

661 2415 1086 2476 dubitationem
1133 2417 1370 2477 tollunt.
1457 2417 1573 2478 Sed
1619 2417 1763 2494 quid
1810 2421 1935 2477 tota
1977 2418 2215 2495 pictura
2267 2417 2375 2476 sibi
2423 2417 2633 2493 vellet,
2694 2417 2904 2476 mirum

663 2520 722 2578 in
773 2519 1009 2579 modum
1055 2537 1192 2578 eum
1238 2518 1463 2595 fugisse
1509 2518 1761 2580 videtur.
1852 2521 2015 2579 Dixit
2070 2521 2252 2580 enim:
2318 2521 2508 2591 „Dass
2552 2520 2747 2579 Niobe
2806 2538 2905 2597 ge-

661 2623 904 2683 storben
935 2621 996 2681 in
1029 2622 1135 2682 der
1167 2623 1502 2683 Unterwelt
1544 2623 1673 2682 sich
1717 2618 2008 2700 authalte,
2050 2642 2175 2683 war
2222 2623 2356 2682 eine
2387 2621 2908 2700 Sagenwendung,

663 2725 759 2785 die
804 2726 998 2785 neben
1047 2724 1156 2785 der
1199 2724 1539 2803 gelaufigen
1587 2724 2049 2800 Steinwerdung
2096 2726 2187 2784 bei
2237 2726 2352 2785 den
2384 2726 2561 2786 Alten
2609 2726 2737 2785 hier
2782 2725 2905 2786 und

664 2829 741 2888 da
770 2826 996 2903 umlief,
1025 2828 1138 2888 wie
1167 2829 1274 2888 wir
1306 2846 1410 2887 aus
1441 2829 1701 2906 einigen,
1730 2827 2100 2903 wenngleich
2145 2833 2430 2904 spateren
2463 2828 2905 2904 Andeutungen

661 2930 984 2990 schliessen
1046 2938 1300 2991 mussen.
1390 2932 1574 2992 Diese
1619 2931 1773 3007 Sage
1832 2931 2059 2990 kanntc
2121 2930 2229 2990 der
2274 2931 2462 2990 Maler
2524 2931 2630 2991 des
2688 2949 2904 3008 neapo·

660 3032 1013 3093 litanischcn
1060 3032 1346 3093 Geffisses
1393 3031 1515 3092 und
1561 3032 1760 3092 steilte
1807 3032 1923 3093 den
1967 3032 2101 3094 Tod
2148 3032 2254 3092 der
2296 3031 2491 3094 Niobe
2537 3033 2664 3110 dar,
2709 3033 2906 3093 indem

665 3154 730 3195 er
791 3136 874 3194 sie
935 3134 1182 3213 lebend,
1242 3134 1356 3195 den
1402 3134 1537 3195 Tod
1583 3135 1945 3207 erwartend‚
2005 3137 2098 3195 ins
2144 3134 2428 3196 Grabmal
2472 3135 2633 3195 ihrer
2674 3136 2908 3195 Kinder

661 3237 790 3298 sich
835 3235 1276 3296 zuruckziehen
1319 3238 1479 3297 lasst.
1523 3283 1537 3297 .
1570 3283 1623 3297 ..
1670 3239 1777 3297 Mit
1822 3237 1929 3297 der
1974 3238 2129 3314 Sage
2186 3239 2292 3299 der
2334 3238 2532 3298 Niobe
2577 3238 2733 3298 wohl
2779 3257 2907 3298 ver-

663 3344 838 3418 traut,
881 3339 987 3400 sah
1035 3357 1100 3398 er
1144 3340 1276 3398 sich
1322 3340 1512 3400 durch
1558 3340 1653 3400 die
1700 3339 2037 3400 Schablonc
2082 3340 2191 3401 der
2237 3340 2907 3418 Totendarstellungen,

663 3442 760 3503 die
806 3461 872 3504 er
917 3442 1016 3503 fur
1062 3443 1156 3503 die
1188 3443 1575 3519 Darstellung
1608 3443 1845 3520 wahlte‚
1890 3442 2010 3503 und
2054 3442 2243 3504 durch
2277 3444 2373 3503 die
2403 3442 2907 3505 Beschranktheit

661 3546 861 3606 seiner
904 3546 1298 3608 Kunstmittel
1359 3547 1659 3624 genotigt,
1718 3565 1837 3606 von
1899 3546 2030 3606 dem
2086 3546 2538 3622 gewohnlichen
2587 3547 2756 3608 Ende
2802 3547 2909 3607 der

662 3647 816 3724 Sage
876 3648 1227 3726 abzugehcn
1289 3647 1420 3707 und
1471 3650 1557 3710 sie
1615 3666 1683 3708 so
1746 3649 2157 3726 umzubilden,
2217 3650 2324 3709 wie
2391 3648 2498 3708 das
2565 3650 2907 3710 ruvesische

663 3751 987 3811 Vasenbild
1033 3752 1116 3810 sie
1177 3750 1523 3812 darbietet.“
1619 3751 1773 3812 Sane
1831 3753 2067 3828 quidem
2129 3753 2375 3812 eandem
2438 3753 2693 3829 speciem
2753 3752 2908 3814 hanc

662 3855 951 3930 picturam
996 3855 1285 3931 praebere
1333 3872 1404 3912 ac
1449 3873 1724 3931 magnam
1782 3855 1938 3914 illam
2000 3855 2249 3914 classem
2294 3855 2760 3916 Tarentinorum
2808 3875 2907 3917 va·

661 3973 890 4032 sorum,
956 3959 1016 4016 in
1083 3957 1304 4034 quibus
1371 3956 1642 4017 aedificia
1709 3957 2067 4033 sepulcralia
2133 3962 2621 4036 mortuorumque
2689 3961 2906 4020 cultum

663 4057 1056 4136 effingebant,
1123 4058 1390 4119 concedo
1451 4077 1643 4137 neque
1705 4060 1764 4119 id
1830 4059 2071 4137 quidem
2140 4059 2353 4120 fefellit
2410 4062 2903 4138 Heydcmannum

837 4205 876 4272 ¹)
911 4203 1164 4260 Berichte
1199 4204 1299 4259 der
1334 4205 1511 4261 sachs.
1531 4203 1899 4260 Gesellschaft
1933 4206 2033 4260 der
2060 4204 2530 4262 wissenschaften
2570 4212 2698 4263 1875
2734 4225 2789 4277 p.
2808 4212 2907 4263 218

661 4292 770 4346 tab.
789 4291 888 4346 IV.
956 4289 1024 4346 cf.
1062 4291 1308 4347 eiusdem
1344 4307 1596 4346 vasorum
1634 4291 2119 4360 Neapolitanorum
2154 4292 2459 4362 catalogum
2497 4309 2578 4346 nr.
2597 4298 2746 4350 3246.
2793 4295 2909 4350 Vas

663 4381 750 4432 est
783 4377 902 4432 cius
937 4377 1147 4447 classis,
1184 4393 1344 4448 quam
1381 4394 1418 4432 a
1451 4377 1770 4434 candelabro
1807 4383 2025 4434 vocant.
