3309 5292
2568 410 2689 468 119

445 577 784 663 Aeschylus
829 597 1046 644 nomeu
1091 576 1241 643 deae
1287 598 1406 642 non
1453 575 1755 642 addiderit
1799 583 1858 641 in
1922 581 2245 659 propatulo
2304 588 2411 640 est.
2500 581 2697 641 Verba

445 689 677 749 scilicet
737 693 878 747 sunt
937 686 1148 748 nuntii.
1245 686 1432 759 Quem
1496 685 1625 746 sive
1688 685 1927 745 militem
1988 685 2287 745 exercitus
2332 684 2696 763 Argivorum

448 793 577 852 sive
622 794 922 868 pastorem
971 787 1268 865 quendam
1315 788 1498 848 fuisse
1542 787 1853 865 fingimus,
1910 786 2013 863 qui
2057 788 2117 847 in
2163 787 2297 864 ripa
2342 788 2538 847 latens
2584 805 2697 846 nec

450 913 596 973 prae
644 893 815 954 ducis
861 893 1119 952 furentis
1162 894 1378 952 timore
1423 892 1672 969 propius
1715 891 2005 952 accedere
2050 908 2235 950 ausus
2280 896 2526 951 mortem
2574 891 2699 951 eius

451 999 817 1070 observaret,
861 995 1134 1072 profecto
1180 995 1441 1056 numinis
1485 995 1646 1055 illius
1695 1013 1908 1054 nomen
1957 994 2184 1054 misisse
2230 998 2698 1054 consentaneum

456 1105 560 1160 est.
647 1100 865 1176 Neque
912 1098 1184 1158 divinare
1230 1116 1564 1176 possumus,
1606 1117 1725 1174 quo
1773 1098 1947 1157 modo
1978 1101 2187 1174 postea
2220 1102 2592 1174 spectatores
2623 1096 2698 1155 de

454 1203 693 1263 nomine
741 1201 864 1261 eius
909 1201 1106 1260 edocti
1155 1200 1292 1261 sint.
1365 1200 1532 1274 Quae
1580 1217 1713 1259 cum
1761 1201 1845 1258 ita
1888 1200 2009 1260 sint
2037 1199 2132 1258 vel
2165 1199 2239 1259 de
2270 1201 2399 1276 ipsa
2430 1200 2701 1260 Minerva

453 1305 701 1380 cogitari
746 1309 961 1381 potest.
1050 1302 1224 1377 Quod
1273 1303 1320 1361 si
1369 1303 1504 1378 quis
1549 1303 1851 1376 statuerit,
1912 1304 2087 1362 etiam
2150 1302 2226 1362 de
2268 1303 2558 1380 amphora
2602 1302 2703 1362 illa

456 1409 713 1468 Etrusca
758 1407 960 1482 paullo
1005 1407 1177 1466 aliter
1221 1405 1604 1465 iudicandum
1652 1406 1781 1472 erit,
1826 1405 2099 1466 nimirum
2133 1406 2463 1466 Chai-onem
2494 1410 2701 1483 utpote

453 1511 660 1570 mortis
705 1509 1245 1586 appropinquantis
1289 1507 1604 1584 imaginem
1653 1508 1727 1566 ab
1773 1508 1903 1584 ipso
1950 1508 2175 1568 artifice
2221 1507 2489 1568 additum
2552 1526 2703 1584 esse,

455 1615 783 1674 Minervam
832 1631 964 1672 cum
997 1613 1180 1672 Aiace
1229 1612 1390 1687 loqui
1437 1612 1609 1687 eique
1660 1611 1901 1672 fatalem
1947 1611 2106 1672 illam
2154 1613 2423 1689 corporis
2471 1616 2701 1690 partem

452 1715 738 1775 indicare.
827 1714 944 1775 Sed
991 1715 1286 1775 utrumvis
1331 1719 1644 1789 statuatur,
1698 1712 1757 1773 id
1806 1720 1967 1773 certe
2013 1715 2264 1776 evicisse
2310 1716 2449 1774 mihi
2495 1715 2704 1775 videor

459 1818 787 1895 amphorae
845 1817 998 1877 illius
1056 1817 1369 1893 imaginem
1430 1817 1649 1876 rectius
1710 1815 1787 1874 ad
1833 1817 2200 1895 Aeschylum
2249 1837 2427 1895 quam
2474 1817 2551 1878 ad
2598 1817 2701 1878 So-

464 1921 739 1996 phoclem
786 1919 1018 1996 referri,
1080 1937 1274 1996 neque
1337 1937 1476 1979 casu
1522 1918 1742 1979 factum
1791 1938 1923 1996 esse
1968 1925 2133 1998 pute,
2179 1921 2337 1998 quod
2385 1922 2594 1982 iterum
2642 1923 2701 1980 in

456 2025 709 2083 Etrusco
757 2041 938 2100 opere
983 2022 1220 2083 fabulae
1264 2022 1636 2098 Aeschyleae
1683 2024 1940 2100 vestigia
1986 2023 2499 2100 deprehendimus.

624 2127 894 2187 Tertium
943 2126 1267 2199 vasculum,
1313 2131 1372 2184 et
1418 2126 1610 2202 ipsum
1662 2127 1997 2198 Etruscum,
2044 2127 2205 2203 quod
2238 2127 2706 2205 Heydemannus

458 2229 494 2289 l.
523 2229 561 2288 l.
593 2247 650 2305 p.
676 2233 753 2290 61
803 2228 1218 2288 delineandum
1268 2230 1526 2300 curavit,
1587 2228 1861 2289 consulto
1907 2231 2161 2306 neglexi.
2249 2232 2402 2290 Nam
2451 2233 2511 2290 et
2555 2231 2704 2290 anti-

461 2333 640 2409 quius
697 2335 787 2392 est
845 2349 1023 2407 quam
1085 2330 1247 2408 quod
1309 2350 1345 2390 a
1403 2331 1716 2408 tragoedia
1776 2332 2043 2409 pendere
2098 2333 2311 2409 possit,
2372 2338 2432 2393 et
2478 2333 2706 2406 mulier,

459 2452 613 2510 quae
657 2433 736 2492 ibi
778 2432 856 2493 ad
903 2435 1248 2493 morientem
1318 2434 1556 2494 heroem
1618 2435 1908 2510 accurrit,
1968 2454 2085 2494 non
2147 2454 2257 2513 pro
2318 2434 2429 2494 dea
2486 2435 2707 2512 aliqua,

459 2535 564 2596 sed
625 2555 734 2612 pro
795 2536 1118 2596 Tecmessa
1177 2535 1456 2596 habenda
1522 2541 1642 2613 est,
1707 2536 1764 2596 id
1833 2537 1997 2615 quod
2066 2539 2178 2597 iam
2242 2537 2707 2615 Heydemannus

462 2640 684 2698 statuit.

632 2829 696 2887 In
747 2819 1071 2905 Phrygibus
1117 2832 1351 2889 constat
1395 2830 1760 2905 Aeschylum
1808 2831 2085 2891 Hectoris
2133 2850 2350 2910 corpus
2403 2851 2549 2892 auro
2610 2850 2709 2893 ex-

465 2947 716 3006 pensum
787 2930 1024 3008 fecisse,
1090 2931 1184 2990 cui
1251 2932 1579 2991 inventioni
1645 2951 1848 2992 ansam
1918 2934 2288 3010 praebebant
2348 2935 2531 2994 verba
2597 2936 2712 3011 illa,

464 3032 683 3109 quibus
747 3033 1012 3092 Achilles
1080 3032 1241 3110 apud
1310 3026 1636 3094 Homerum
1698 3035 1960 3095 Hectora
2027 3038 2371 3097 morientem
2438 3038 2712 3114 increpat

466 3135 870 3210 postulantem
919 3142 984 3194 ut
1029 3153 1249 3211 corpus
1293 3140 1432 3212 post
1479 3143 1725 3196 mortem
1790 3138 2137 3212 parentibus
2204 3140 2503 3200 tradatur:
2568 3125 2711 3198 οὐδ’

467 3229 528 3294 εἴ
573 3253 692 3295 κεν
739 3221 794 3295 o'
840 3221 1053 3296 αὐτὸν
1093 3232 1322 3315 χρυσῷ
1369 3228 1750 3312 ἐφύσασθαι
1798 3225 2050 3318 ἀνώγοι
2097 3235 2508 3323 Δαρδανίδης
2553 3240 2711 3320 Πρὶ-

464 3355 650 3417 αμος.
741 3340 912 3400 Hanc
974 3339 1233 3399 fabulam
1297 3343 1488 3401 secuti
1551 3347 1609 3401 et
1670 3344 1995 3419 amphorae
2038 3345 2464 3418 Tarentinae¹J
2517 3346 2713 3423 pictor

471 3446 530 3501 et
593 3441 838 3519 opifices
896 3440 1211 3516 Romani2)
1273 3444 1536 3506 Hectora
1602 3453 2033 3523 expresserunt
2096 3447 2248 3507 libra
2315 3449 2710 3508 examinatum

467 3544 795 3621 eademque
855 3545 1113 3622 imagine
1164 3545 1450 3622 Virgilius
1511 3547 1687 3624 fingit
1747 3548 1999 3610 Junonis
2058 3551 2340 3627 templum
2402 3549 2712 3627 Carthagi·

467 3647 673 3709 niense
719 3652 992 3708 ornatum
1043 3647 1218 3720 (Aen.
1249 3649 1275 3708 Ι
1307 3653 1476 3719 484).
1565 3651 1741 3725 Quod
1788 3653 1847 3712 in
1894 3653 2268 3730 sarcophago
2301 3653 2562 3730 Ephesio
2592 3656 2711 3714 An-

468 3748 846 3809 dromacham
896 3768 1028 3809 cum
1077 3751 1448 3827 Astyanacte
1512 3757 1572 3812 et
1615 3753 1921 3813 Hecubam
1986 3755 2251 3815 adiectas
2295 3755 2595 3832 videmus,
2653 3755 2713 3815 id

606 3966 649 4033 ¹)
687 3965 984 4034 Exemplar
1033 3982 1356 4035 expressum
1394 3973 1482 4022 est
1516 3968 1665 4023 Mon.
1689 3969 1742 4024 d.
1768 3969 1975 4026 Inst.V
2004 3975 2080 4024 11.
2152 3971 2443 4041 Copiosius
2488 3973 2558 4028 de
2605 3990 2715 4028 am-

471 4049 643 4117 phora
676 4050 820 4106 haud
856 4052 1071 4120 integra
1107 4053 1530 4121 disputaverunt
1564 4055 1846 4110 Benndort
1880 4057 1935 4110 in
1957 4057 2265 4113 Annalibus
2300 4058 2544 4113 Instituti
2586 4063 2714 4113 1866

466 4153 520 4204 p.
548 4141 647 4190 249
672 4153 746 4191 ss.
799 4137 1066 4193 Peter-sen
1090 4138 1146 4192 in
1169 4139 1355 4194 Diario
1380 4140 1797 4210 archaeologieo
1820 4143 2092 4200 XXXVII
2120 4148 2250 4199 1879
2273 4161 2328 4212 p.
2350 4149 2428 4200 16.
2486 4145 2715 4211 Robert‚

465 4221 592 4279 Bild
623 4239 674 4276 u.
700 4223 837 4278 Lied
871 4239 924 4292 p.
952 4227 1032 4277 96.
1075 4229 1188 4278 142.
1257 4225 1302 4292 ²)
1338 4224 1406 4280 cf.
1431 4227 1689 4295 poculum
1726 4233 2047 4298 argenteum
2071 4230 2251 4284 Raoul
2273 4231 2545 4286 Rochette
2568 4231 2717 4286 Mon.

466 4308 612 4363 ined.
650 4312 730 4364 52.
821 4307 1110 4364 Overbeck
1137 4310 1303 4368 ,GalL
1344 4311 1456 4367 her.
1497 4312 1691 4368 Bildw.
1735 4318 1794 4368 12
1850 4319 1907 4370 et
1958 4315 2354 4385 sarcophagum
2406 4317 2715 4372 Romanum

467 4393 722 4448 Woburn
760 4393 964 4466 Abbey
1000 4395 1253 4464 (Robert,
1292 4395 1873 4468 Sarkophag-Reliefs
1900 4400 1957 4458 11
1981 4408 2045 4456 47
2070 4401 2141 4471 c).
