<?xml version="1.0" encoding="UTF-8"?>
<!DOCTYPE html PUBLIC "-//W3C//DTD XHTML 1.0 Transitional//EN"
    "http://www.w3.org/TR/xhtml1/DTD/xhtml1-transitional.dtd">
<html xmlns="http://www.w3.org/1999/xhtml" xml:lang="en" lang="en">
 <head>
  <title>
</title>
<meta http-equiv="Content-Type" content="text/html;charset=utf-8" />
  <meta name='ocr-system' content='tesseract 3.04.00' />
  <meta name='ocr-capabilities' content='ocr_page ocr_carea ocr_par ocr_line ocrx_word'/>
</head>
<body>
  <div class='ocr_page' id='page_1' title='image "./commentationesa00haupgoog_0048.png"; bbox 0 0 3309 5292; ppageno 0'>
   <div class='ocr_carea' id='block_1_1' title="bbox 663 402 786 460">
    <p class='ocr_par' dir='ltr' id='par_1_1' title="bbox 663 402 786 460">
     <span class='ocr_line' id='line_1_1' title="bbox 663 402 786 460; baseline 0.008 -1"><span class='ocrx_word' id='word_1_1' title='bbox 663 402 786 460; x_wconf 83' lang='lat'><strong>148</strong></span> 
     </span>
    </p>
   </div>
   <div class='ocr_carea' id='block_1_2' title="bbox 645 567 2902 3918">
    <p class='ocr_par' dir='ltr' id='par_1_2' title="bbox 651 567 2902 1881">
     <span class='ocr_line' id='line_1_2' title="bbox 660 567 2901 652; baseline 0.002 -24"><span class='ocrx_word' id='word_1_2' title='bbox 660 567 965 646; x_wconf 77' lang='lat' dir='ltr'><strong>quoddam</strong></span> <span class='ocrx_word' id='word_1_3' title='bbox 1005 569 1352 630; x_wconf 83' lang='lat' dir='ltr'><strong>referamus.</strong></span> <span class='ocrx_word' id='word_1_4' title='bbox 1441 570 1567 628; x_wconf 88' lang='lat' dir='ltr'><strong>Etsi</strong></span> <span class='ocrx_word' id='word_1_5' title='bbox 1599 589 1675 630; x_wconf 93' lang='lat' dir='ltr'><strong>ne</strong></span> <span class='ocrx_word' id='word_1_6' title='bbox 1704 569 1765 630; x_wconf 91' lang='lat' dir='ltr'><strong>id</strong></span> <span class='ocrx_word' id='word_1_7' title='bbox 1796 569 2041 648; x_wconf 90' lang='lat' dir='ltr'><strong>quidem</strong></span> <span class='ocrx_word' id='word_1_8' title='bbox 2070 572 2227 632; x_wconf 91' lang='lat' dir='ltr'><strong>omni</strong></span> <span class='ocrx_word' id='word_1_9' title='bbox 2258 570 2632 632; x_wconf 77' lang='lat' dir='ltr'><strong>dubitatione</strong></span> <span class='ocrx_word' id='word_1_10' title='bbox 2660 591 2901 652; x_wconf 83' lang='lat' dir='ltr'><strong>exemp-</strong></span> 
     </span>
     <span class='ocr_line' id='line_1_3' title="bbox 657 671 2901 754; baseline 0.003 -22"><span class='ocrx_word' id='word_1_11' title='bbox 657 677 783 732; x_wconf 87' lang='lat' dir='ltr'><strong>tum</strong></span> <span class='ocrx_word' id='word_1_12' title='bbox 829 675 940 748; x_wconf 90' lang='lat' dir='ltr'><strong>est,</strong></span> <span class='ocrx_word' id='word_1_13' title='bbox 985 691 1115 734; x_wconf 89' lang='lat' dir='ltr'><strong>cum</strong></span> <span class='ocrx_word' id='word_1_14' title='bbox 1161 673 1444 751; x_wconf 89' lang='lat' dir='ltr'><strong>pictores,</strong></span> <span class='ocrx_word' id='word_1_15' title='bbox 1487 672 1590 750; x_wconf 89' lang='lat' dir='ltr'><strong>qui</strong></span> <span class='ocrx_word' id='word_1_16' title='bbox 1621 671 1931 752; x_wconf 82' lang='lat' dir='ltr'><strong>Orpheum</strong></span> <span class='ocrx_word' id='word_1_17' title='bbox 1976 674 2196 736; x_wconf 86' lang='lat' dir='ltr'><strong>fidibus</strong></span> <span class='ocrx_word' id='word_1_18' title='bbox 2240 679 2551 736; x_wconf 74' lang='lat' dir='ltr'>canentem</span> <span class='ocrx_word' id='word_1_19' title='bbox 2594 675 2901 754; x_wconf 85' lang='lat' dir='ltr'><strong>fingebant</strong></span> 
     </span>
     <span class='ocr_line' id='line_1_4' title="bbox 655 775 2899 854; baseline 0.003 -20"><span class='ocrx_word' id='word_1_20' title='bbox 655 794 694 834; x_wconf 98' lang='lat' dir='ltr'><strong>a</strong></span> <span class='ocrx_word' id='word_1_21' title='bbox 753 775 1104 836; x_wconf 89' lang='lat' dir='ltr'><strong>mulieribus</strong></span> <span class='ocrx_word' id='word_1_22' title='bbox 1163 793 1544 854; x_wconf 85' lang='lat' dir='ltr'><strong>oppressum,</strong></span> <span class='ocrx_word' id='word_1_23' title='bbox 1599 779 1935 838; x_wconf 86' lang='lat' dir='ltr'><strong>necessario</strong></span> <span class='ocrx_word' id='word_1_24' title='bbox 1994 777 2124 838; x_wconf 85' lang='lat' dir='ltr'><strong>fere</strong></span> <span class='ocrx_word' id='word_1_25' title='bbox 2179 779 2241 837; x_wconf 93' lang='lat' dir='ltr'><strong>in</strong></span> <span class='ocrx_word' id='word_1_26' title='bbox 2302 778 2420 839; x_wconf 89' lang='lat' dir='ltr'><strong>hoc</strong></span> <span class='ocrx_word' id='word_1_27' title='bbox 2460 779 2771 839; x_wconf 79' lang='lat' dir='ltr'><strong>inventum</strong></span> <span class='ocrx_word' id='word_1_28' title='bbox 2812 781 2899 840; x_wconf 92' lang='lat' dir='ltr'><strong>in-</strong></span> 
     </span>
     <span class='ocr_line' id='line_1_5' title="bbox 657 875 2902 958; baseline 0.002 -21"><span class='ocrx_word' id='word_1_29' title='bbox 657 875 860 938; x_wconf 80' lang='lat' dir='ltr'><strong>cidere</strong></span> <span class='ocrx_word' id='word_1_30' title='bbox 906 876 1215 938; x_wconf 86' lang='lat' dir='ltr'><strong>deberent.</strong></span> <span class='ocrx_word' id='word_1_31' title='bbox 1301 879 1383 938; x_wconf 84' lang='lat' dir='ltr'><strong>At</strong></span> <span class='ocrx_word' id='word_1_32' title='bbox 1423 882 1560 939; x_wconf 90' lang='lat' dir='ltr'><strong>utut</strong></span> <span class='ocrx_word' id='word_1_33' title='bbox 1601 879 1753 939; x_wconf 88' lang='lat' dir='ltr'><strong>haec</strong></span> <span class='ocrx_word' id='word_1_34' title='bbox 1796 898 1893 939; x_wconf 89' lang='lat' dir='ltr'><strong>res</strong></span> <span class='ocrx_word' id='word_1_35' title='bbox 1922 898 1989 942; x_wconf 90' lang='lat' dir='ltr'><strong>se</strong></span> <span class='ocrx_word' id='word_1_36' title='bbox 2018 880 2215 958; x_wconf 86' lang='lat' dir='ltr'><strong>habet,</strong></span> <span class='ocrx_word' id='word_1_37' title='bbox 2256 880 2331 940; x_wconf 84' lang='lat' dir='ltr'><strong>ab</strong></span> <span class='ocrx_word' id='word_1_38' title='bbox 2358 881 2667 958; x_wconf 77' lang='lat' dir='ltr'><strong>Aeschylo</strong></span> <span class='ocrx_word' id='word_1_39' title='bbox 2694 883 2902 958; x_wconf 89' lang='lat' dir='ltr'><strong>utique</strong></span> 
     </span>
     <span class='ocr_line' id='line_1_6' title="bbox 655 980 2896 1061; baseline 0.003 -23"><span class='ocrx_word' id='word_1_40' title='bbox 655 980 845 1039; x_wconf 83' lang='lat' dir='ltr'><strong>maior</strong></span> <span class='ocrx_word' id='word_1_41' title='bbox 889 981 1256 1057; x_wconf 89' lang='lat' dir='ltr'><strong>picturarum</strong></span> <span class='ocrx_word' id='word_1_42' title='bbox 1302 999 1587 1041; x_wconf 87' lang='lat' dir='ltr'><strong>numerus</strong></span> <span class='ocrx_word' id='word_1_43' title='bbox 1631 999 1883 1056; x_wconf 88' lang='lat' dir='ltr'><strong>prorsus</strong></span> <span class='ocrx_word' id='word_1_44' title='bbox 1927 982 2247 1061; x_wconf 78' lang='lat' dir='ltr'><strong>discrepat,</strong></span> <span class='ocrx_word' id='word_1_45' title='bbox 2288 983 2454 1060; x_wconf 91' lang='lat' dir='ltr'><strong>quod</strong></span> <span class='ocrx_word' id='word_1_46' title='bbox 2498 985 2737 1044; x_wconf 89' lang='lat' dir='ltr'><strong>omnino</strong></span> <span class='ocrx_word' id='word_1_47' title='bbox 2776 1004 2896 1046; x_wconf 93' lang='lat' dir='ltr'><strong>non</strong></span> 
     </span>
     <span class='ocr_line' id='line_1_7' title="bbox 654 1081 2899 1163; baseline 0.003 -22"><span class='ocrx_word' id='word_1_48' title='bbox 654 1100 691 1141; x_wconf 90' lang='lat' dir='ltr'><strong>a</strong></span> <span class='ocrx_word' id='word_1_49' title='bbox 734 1081 1154 1143; x_wconf 86' lang='lat' dir='ltr'><strong>Bassaridibus</strong></span> <span class='ocrx_word' id='word_1_50' title='bbox 1197 1086 1395 1144; x_wconf 81' lang='lat' dir='ltr'><strong>vatem</strong></span> <span class='ocrx_word' id='word_1_51' title='bbox 1441 1082 1832 1145; x_wconf 85' lang='lat' dir='ltr'><strong>dilaceratum</strong></span> <span class='ocrx_word' id='word_1_52' title='bbox 1878 1085 2315 1157; x_wconf 86' lang='lat' dir='ltr'><strong>demonstrant,</strong></span> <span class='ocrx_word' id='word_1_53' title='bbox 2358 1085 2466 1146; x_wconf 90' lang='lat' dir='ltr'><strong>sed</strong></span> <span class='ocrx_word' id='word_1_54' title='bbox 2513 1104 2550 1145; x_wconf 90' lang='lat' dir='ltr'><strong>a</strong></span> <span class='ocrx_word' id='word_1_55' title='bbox 2590 1086 2899 1163; x_wconf 81' lang='lat' dir='ltr'><strong>quibusvis</strong></span> 
     </span>
     <span class='ocr_line' id='line_1_8' title="bbox 657 1184 2897 1265; baseline 0.002 -22"><span class='ocrx_word' id='word_1_56' title='bbox 657 1184 1037 1257; x_wconf 87' lang='lat' dir='ltr'><strong>mulieribus,</strong></span> <span class='ocrx_word' id='word_1_57' title='bbox 1103 1202 1261 1262; x_wconf 86' lang='lat' dir='ltr'><strong>quae</strong></span> <span class='ocrx_word' id='word_1_58' title='bbox 1321 1185 1597 1245; x_wconf 87' lang='lat' dir='ltr'><strong>Baecbici</strong></span> <span class='ocrx_word' id='word_1_59' title='bbox 1664 1186 1861 1246; x_wconf 87' lang='lat' dir='ltr'><strong>cultus</strong></span> <span class='ocrx_word' id='word_1_60' title='bbox 1918 1187 2147 1248; x_wconf 89' lang='lat' dir='ltr'><strong>nullum</strong></span> <span class='ocrx_word' id='word_1_61' title='bbox 2204 1187 2440 1263; x_wconf 76' lang='lat' dir='ltr'><strong>insigne</strong></span> <span class='ocrx_word' id='word_1_62' title='bbox 2496 1187 2747 1265; x_wconf 84' lang='lat' dir='ltr'><strong>habent,</strong></span> <span class='ocrx_word' id='word_1_63' title='bbox 2812 1190 2897 1248; x_wconf 90' lang='lat' dir='ltr'><strong>in-</strong></span> 
     </span>
     <span class='ocr_line' id='line_1_9' title="bbox 653 1286 2898 1369; baseline 0.003 -23"><span class='ocrx_word' id='word_1_64' title='bbox 653 1288 1000 1348; x_wconf 76' lang='lat' dir='ltr'><strong>strumentis</strong></span> <span class='ocrx_word' id='word_1_65' title='bbox 1072 1286 1418 1348; x_wconf 80' lang='lat' dir='ltr'><strong>domesticis</strong></span> <span class='ocrx_word' id='word_1_66' title='bbox 1487 1287 1887 1349; x_wconf 84' lang='lat' dir='ltr'><strong>interfectum.</strong></span> <span class='ocrx_word' id='word_1_67' title='bbox 2016 1290 2232 1367; x_wconf 83' lang='lat' dir='ltr'><strong>Neque</strong></span> <span class='ocrx_word' id='word_1_68' title='bbox 2303 1290 2488 1367; x_wconf 85' lang='lat' dir='ltr'><strong>igitur</strong></span> <span class='ocrx_word' id='word_1_69' title='bbox 2558 1292 2898 1369; x_wconf 88' lang='lat' dir='ltr'><strong>putabimus</strong></span> 
     </span>
     <span class='ocr_line' id='line_1_10' title="bbox 651 1390 2898 1470; baseline 0.002 -21"><span class='ocrx_word' id='word_1_70' title='bbox 651 1390 1041 1468; x_wconf 85' lang='lat' dir='ltr'><strong>neglegenter</strong></span> <span class='ocrx_word' id='word_1_71' title='bbox 1083 1391 1347 1468; x_wconf 89' lang='lat' dir='ltr'><strong>pictores</strong></span> <span class='ocrx_word' id='word_1_72' title='bbox 1389 1391 1740 1451; x_wconf 85' lang='lat' dir='ltr'><strong>Bassarides</strong></span> <span class='ocrx_word' id='word_1_73' title='bbox 1784 1390 2104 1468; x_wconf 84' lang='lat' dir='ltr'><strong>effinxisse,</strong></span> <span class='ocrx_word' id='word_1_74' title='bbox 2146 1411 2280 1452; x_wconf 88' lang='lat' dir='ltr'><strong>cum</strong></span> <span class='ocrx_word' id='word_1_75' title='bbox 2321 1394 2590 1470; x_wconf 80' lang='lat' dir='ltr'><strong>picturae</strong></span> <span class='ocrx_word' id='word_1_76' title='bbox 2617 1398 2898 1454; x_wconf 84' lang='lat' dir='ltr'><strong>accurate</strong></span> 
     </span>
     <span class='ocr_line' id='line_1_11' title="bbox 651 1491 2895 1571; baseline 0.003 -20"><span class='ocrx_word' id='word_1_77' title='bbox 651 1491 711 1552; x_wconf 92' lang='lat' dir='ltr'><strong>in</strong></span> <span class='ocrx_word' id='word_1_78' title='bbox 758 1510 862 1552; x_wconf 89' lang='lat' dir='ltr'><strong>eas</strong></span> <span class='ocrx_word' id='word_1_79' title='bbox 907 1492 1139 1552; x_wconf 83' lang='lat' dir='ltr'><strong>fabulas</strong></span> <span class='ocrx_word' id='word_1_80' title='bbox 1183 1493 1498 1571; x_wconf 85' lang='lat' dir='ltr'><strong>quadrent,</strong></span> <span class='ocrx_word' id='word_1_81' title='bbox 1539 1511 1694 1571; x_wconf 88' lang='lat' dir='ltr'><strong>quae</strong></span> <span class='ocrx_word' id='word_1_82' title='bbox 1723 1499 1920 1554; x_wconf 83' lang='lat' dir='ltr'><strong>vatem</strong></span> <span class='ocrx_word' id='word_1_83' title='bbox 1953 1513 1991 1554; x_wconf 89' lang='lat' dir='ltr'><strong>a</strong></span> <span class='ocrx_word' id='word_1_84' title='bbox 2018 1495 2294 1554; x_wconf 86' lang='lat' dir='ltr'><strong>Thraciis</strong></span> <span class='ocrx_word' id='word_1_85' title='bbox 2324 1495 2667 1555; x_wconf 90' lang='lat' dir='ltr'><strong>mulieribus</strong></span> <span class='ocrx_word' id='word_1_86' title='bbox 2698 1497 2895 1558; x_wconf 88' lang='lat' dir='ltr'><strong>nescio</strong></span> 
     </span>
     <span class='ocr_line' id='line_1_12' title="bbox 653 1593 2897 1675; baseline 0.001 -19"><span class='ocrx_word' id='word_1_87' title='bbox 653 1613 774 1674; x_wconf 87' lang='lat' dir='ltr'><strong>qua</strong></span> <span class='ocrx_word' id='word_1_88' title='bbox 831 1593 908 1655; x_wconf 91' lang='lat' dir='ltr'><strong>de</strong></span> <span class='ocrx_word' id='word_1_89' title='bbox 963 1613 1149 1655; x_wconf 87' lang='lat' dir='ltr'><strong>causa</strong></span> <span class='ocrx_word' id='word_1_90' title='bbox 1203 1594 1372 1656; x_wconf 88' lang='lat' dir='ltr'><strong>iratis</strong></span> <span class='ocrx_word' id='word_1_91' title='bbox 1433 1595 1815 1656; x_wconf 81' lang='lat' dir='ltr'><strong>interfectum</strong></span> <span class='ocrx_word' id='word_1_92' title='bbox 1872 1596 2098 1657; x_wconf 88' lang='lat' dir='ltr'><strong>dicunt.</strong></span> <span class='ocrx_word' id='word_1_93' title='bbox 2200 1597 2362 1656; x_wconf 89' lang='lat' dir='ltr'><strong>Idem</strong></span> <span class='ocrx_word' id='word_1_94' title='bbox 2410 1597 2487 1657; x_wconf 91' lang='lat' dir='ltr'><strong>de</strong></span> <span class='ocrx_word' id='word_1_95' title='bbox 2529 1597 2603 1657; x_wconf 89' lang='lat' dir='ltr'><strong>iis</strong></span> <span class='ocrx_word' id='word_1_96' title='bbox 2646 1599 2897 1675; x_wconf 89' lang='lat' dir='ltr'><strong>picturis</strong></span> 
     </span>
     <span class='ocr_line' id='line_1_13' title="bbox 651 1695 2892 1775; baseline 0.001 -17"><span class='ocrx_word' id='word_1_97' title='bbox 651 1698 837 1770; x_wconf 85' lang='lat' dir='ltr'><strong>valet,</strong></span> <span class='ocrx_word' id='word_1_98' title='bbox 897 1715 1054 1775; x_wconf 86' lang='lat' dir='ltr'><strong>quae</strong></span> <span class='ocrx_word' id='word_1_99' title='bbox 1116 1695 1423 1775; x_wconf 83' lang='lat' dir='ltr'><strong>Orpheum</strong></span> <span class='ocrx_word' id='word_1_100' title='bbox 1485 1699 1644 1760; x_wconf 92' lang='lat' dir='ltr'><strong>inter</strong></span> <span class='ocrx_word' id='word_1_101' title='bbox 1688 1700 1960 1760; x_wconf 87' lang='lat' dir='ltr'><strong>Thraces</strong></span> <span class='ocrx_word' id='word_1_102' title='bbox 2019 1704 2333 1760; x_wconf 86' lang='lat' dir='ltr'><strong>canentem</strong></span> <span class='ocrx_word' id='word_1_103' title='bbox 2387 1701 2694 1773; x_wconf 86' lang='lat' dir='ltr'><strong>exhibent,</strong></span> <span class='ocrx_word' id='word_1_104' title='bbox 2752 1701 2892 1762; x_wconf 89' lang='lat' dir='ltr'><strong>dum</strong></span> 
     </span>
     <span class='ocr_line' id='line_1_14' title="bbox 651 1801 2203 1881; baseline 0 -19"><span class='ocrx_word' id='word_1_105' title='bbox 651 1803 768 1862; x_wconf 86' lang='lat' dir='ltr'><strong>iam</strong></span> <span class='ocrx_word' id='word_1_106' title='bbox 813 1801 1089 1861; x_wconf 89' lang='lat' dir='ltr'><strong>mulieres</strong></span> <span class='ocrx_word' id='word_1_107' title='bbox 1133 1806 1456 1863; x_wconf 88' lang='lat' dir='ltr'><strong>aecurrunt</strong></span> <span class='ocrx_word' id='word_1_108' title='bbox 1499 1802 1576 1862; x_wconf 86' lang='lat' dir='ltr'><strong>ad</strong></span> <span class='ocrx_word' id='word_1_109' title='bbox 1621 1820 1829 1863; x_wconf 90' lang='lat' dir='ltr'><strong>necem</strong></span> <span class='ocrx_word' id='word_1_110' title='bbox 1876 1808 2140 1881; x_wconf 81' lang='lat' dir='ltr'><strong>paratae.</strong></span> <span class='ocrx_word' id='word_1_111' title='bbox 2156 1801 2203 1876; x_wconf 90' lang='lat'><strong>¹)</strong></span> 
     </span>
    </p>

    <p class='ocr_par' dir='ltr' id='par_1_3' title="bbox 647 1899 2895 2687">
     <span class='ocr_line' id='line_1_15' title="bbox 823 1899 2894 1983; baseline 0.001 -18"><span class='ocrx_word' id='word_1_112' title='bbox 823 1903 1049 1965; x_wconf 84' lang='lat' dir='ltr'><strong>Contra</strong></span> <span class='ocrx_word' id='word_1_113' title='bbox 1111 1904 1171 1964; x_wconf 93' lang='lat' dir='ltr'><strong>in</strong></span> <span class='ocrx_word' id='word_1_114' title='bbox 1237 1904 1526 1980; x_wconf 80' lang='lat' dir='ltr'><strong>amphora</strong></span> <span class='ocrx_word' id='word_1_115' title='bbox 1591 1905 1755 1983; x_wconf 89' lang='lat' dir='ltr'><strong>apud</strong></span> <span class='ocrx_word' id='word_1_116' title='bbox 1822 1905 2196 1967; x_wconf 85' lang='lat' dir='ltr'><strong>Gerhardum</strong></span> <span class='ocrx_word' id='word_1_117' title='bbox 2258 1899 2708 1967; x_wconf 82' lang='lat' dir='ltr'><strong>Trinkschalen</strong></span> <span class='ocrx_word' id='word_1_118' title='bbox 2770 1907 2894 1968; x_wconf 89' lang='lat' dir='ltr'><strong>und</strong></span> 
     </span>
     <span class='ocr_line' id='line_1_16' title="bbox 651 2005 2895 2087; baseline 0.001 -20"><span class='ocrx_word' id='word_1_119' title='bbox 651 2005 901 2067; x_wconf 72' lang='lat' dir='ltr'><strong>Gefasse</strong></span> <span class='ocrx_word' id='word_1_120' title='bbox 935 2007 990 2066; x_wconf 90' lang='lat'><strong>11</strong></span> <span class='ocrx_word' id='word_1_121' title='bbox 1033 2007 1071 2068; x_wconf 86' lang='lat' dir='ltr'>J</span> <span class='ocrx_word' id='word_1_122' title='bbox 1103 2009 1140 2068; x_wconf 84' lang='lat'><strong>3</strong></span> <span class='ocrx_word' id='word_1_123' title='bbox 1188 2024 1476 2084; x_wconf 86' lang='lat' dir='ltr'><strong>expressa</strong></span> <span class='ocrx_word' id='word_1_124' title='bbox 1520 2007 1679 2068; x_wconf 86' lang='lat' dir='ltr'><strong>duae</strong></span> <span class='ocrx_word' id='word_1_125' title='bbox 1719 2009 2001 2069; x_wconf 88' lang='lat' dir='ltr'><strong>mulieres</strong></span> <span class='ocrx_word' id='word_1_126' title='bbox 2044 2008 2276 2086; x_wconf 84' lang='lat' dir='ltr'><strong>lapides</strong></span> <span class='ocrx_word' id='word_1_127' title='bbox 2306 2010 2365 2068; x_wconf 92' lang='lat' dir='ltr'><strong>in</strong></span> <span class='ocrx_word' id='word_1_128' title='bbox 2398 2008 2705 2087; x_wconf 88' lang='lat' dir='ltr'><strong>Orpheum</strong></span> <span class='ocrx_word' id='word_1_129' title='bbox 2736 2011 2895 2069; x_wconf 88' lang='lat' dir='ltr'><strong>coni-</strong></span> 
     </span>
     <span class='ocr_line' id='line_1_17' title="bbox 651 2103 2895 2190; baseline 0.001 -21"><span class='ocrx_word' id='word_1_130' title='bbox 651 2109 831 2187; x_wconf 87' lang='lat' dir='ltr'><strong>ciunt,</strong></span> <span class='ocrx_word' id='word_1_131' title='bbox 883 2128 1134 2186; x_wconf 87' lang='lat' dir='ltr'><strong>quarum</strong></span> <span class='ocrx_word' id='word_1_132' title='bbox 1181 2127 1314 2169; x_wconf 89' lang='lat' dir='ltr'><strong>cum</strong></span> <span class='ocrx_word' id='word_1_133' title='bbox 1362 2111 1552 2170; x_wconf 88' lang='lat' dir='ltr'><strong>altera</strong></span> <span class='ocrx_word' id='word_1_134' title='bbox 1595 2103 1851 2190; x_wconf 81' lang='grc' dir='ltr'><strong><em>νεβρὶδι</em></strong></span> <span class='ocrx_word' id='word_1_135' title='bbox 1895 2111 2102 2172; x_wconf 89' lang='lat' dir='ltr'><strong>induta</strong></span> <span class='ocrx_word' id='word_1_136' title='bbox 2144 2112 2239 2184; x_wconf 85' lang='lat' dir='ltr'><strong>sit,</strong></span> <span class='ocrx_word' id='word_1_137' title='bbox 2296 2110 2425 2171; x_wconf 84' lang='lat' dir='ltr'><strong>fieri</strong></span> <span class='ocrx_word' id='word_1_138' title='bbox 2472 2116 2668 2189; x_wconf 90' lang='lat' dir='ltr'><strong>potest</strong></span> <span class='ocrx_word' id='word_1_139' title='bbox 2710 2118 2777 2172; x_wconf 89' lang='lat' dir='ltr'><strong>ut</strong></span> <span class='ocrx_word' id='word_1_140' title='bbox 2818 2113 2895 2173; x_wconf 84' lang='lat' dir='ltr'><strong>ab</strong></span> 
     </span>
     <span class='ocr_line' id='line_1_18' title="bbox 649 2212 2895 2292; baseline 0.001 -20"><span class='ocrx_word' id='word_1_141' title='bbox 649 2212 936 2290; x_wconf 85' lang='lat' dir='ltr'><strong>Aeschyli</strong></span> <span class='ocrx_word' id='word_1_142' title='bbox 966 2212 1164 2272; x_wconf 85' lang='lat' dir='ltr'><strong>fabula</strong></span> <span class='ocrx_word' id='word_1_143' title='bbox 1197 2213 1392 2290; x_wconf 89' lang='lat' dir='ltr'><strong>pictor</strong></span> <span class='ocrx_word' id='word_1_144' title='bbox 1432 2213 1713 2291; x_wconf 84' lang='lat' dir='ltr'><strong>pendeat.</strong></span> <span class='ocrx_word' id='word_1_145' title='bbox 1800 2214 2173 2292; x_wconf 77' lang='lat' dir='ltr'><strong>Quamquam</strong></span> <span class='ocrx_word' id='word_1_146' title='bbox 2220 2215 2649 2276; x_wconf 85' lang='lat' dir='ltr'><strong>dubitationem</strong></span> <span class='ocrx_word' id='word_1_147' title='bbox 2698 2220 2895 2276; x_wconf 85' lang='lat' dir='ltr'><strong>movet</strong></span> 
     </span>
     <span class='ocr_line' id='line_1_19' title="bbox 649 2315 2891 2396; baseline 0.001 -20"><span class='ocrx_word' id='word_1_148' title='bbox 649 2333 838 2393; x_wconf 89' lang='lat' dir='ltr'><strong>eques</strong></span> <span class='ocrx_word' id='word_1_149' title='bbox 895 2315 1135 2392; x_wconf 89' lang='lat' dir='ltr'><strong>quidam</strong></span> <span class='ocrx_word' id='word_1_150' title='bbox 1179 2317 1406 2390; x_wconf 83' lang='lat' dir='ltr'><strong>Thrax,</strong></span> <span class='ocrx_word' id='word_1_151' title='bbox 1471 2318 1574 2393; x_wconf 89' lang='lat' dir='ltr'><strong>qui</strong></span> <span class='ocrx_word' id='word_1_152' title='bbox 1633 2317 1807 2378; x_wconf 86' lang='lat' dir='ltr'><strong>hasta</strong></span> <span class='ocrx_word' id='word_1_153' title='bbox 1864 2317 2174 2396; x_wconf 88' lang='lat' dir='ltr'><strong>Orpheum</strong></span> <span class='ocrx_word' id='word_1_154' title='bbox 2234 2317 2561 2379; x_wconf 85' lang='lat' dir='ltr'><strong>defendere</strong></span> <span class='ocrx_word' id='word_1_155' title='bbox 2624 2326 2891 2379; x_wconf 87' lang='lat' dir='ltr'><strong>conatur.</strong></span> 
     </span>
     <span class='ocr_line' id='line_1_20' title="bbox 649 2418 2893 2498; baseline 0.001 -18"><span class='ocrx_word' id='word_1_156' title='bbox 649 2418 885 2480; x_wconf 88' lang='lat' dir='ltr'><strong>Idcirco</strong></span> <span class='ocrx_word' id='word_1_157' title='bbox 931 2419 1072 2480; x_wconf 90' lang='lat' dir='ltr'><strong>licet</strong></span> <span class='ocrx_word' id='word_1_158' title='bbox 1115 2420 1234 2480; x_wconf 87' lang='lat' dir='ltr'><strong>sint</strong></span> <span class='ocrx_word' id='word_1_159' title='bbox 1277 2419 1641 2494; x_wconf 85' lang='lat' dir='ltr'><strong>Bassarides,</strong></span> <span class='ocrx_word' id='word_1_160' title='bbox 1703 2439 1852 2498; x_wconf 85' lang='lat' dir='ltr'><strong>quas</strong></span> <span class='ocrx_word' id='word_1_161' title='bbox 1894 2422 1954 2481; x_wconf 88' lang='lat' dir='ltr'><strong>in</strong></span> <span class='ocrx_word' id='word_1_162' title='bbox 2001 2421 2237 2498; x_wconf 86' lang='lat' dir='ltr'><strong>pictura</strong></span> <span class='ocrx_word' id='word_1_163' title='bbox 2282 2423 2558 2482; x_wconf 88' lang='lat' dir='ltr'><strong>mulieres</strong></span> <span class='ocrx_word' id='word_1_164' title='bbox 2603 2422 2893 2496; x_wconf 85' lang='lat' dir='ltr'><strong>videmus,</strong></span> 
     </span>
     <span class='ocr_line' id='line_1_21' title="bbox 647 2521 2893 2602; baseline 0.001 -21"><span class='ocrx_word' id='word_1_165' title='bbox 647 2521 1039 2600; x_wconf 88' lang='lat' dir='ltr'><strong>Aeschyleam</strong></span> <span class='ocrx_word' id='word_1_166' title='bbox 1100 2525 1298 2582; x_wconf 89' lang='lat' dir='ltr'><strong>tamen</strong></span> <span class='ocrx_word' id='word_1_167' title='bbox 1359 2521 1621 2584; x_wconf 83' lang='lat' dir='ltr'><strong>fabulam</strong></span> <span class='ocrx_word' id='word_1_168' title='bbox 1684 2525 1877 2602; x_wconf 89' lang='lat' dir='ltr'><strong>pictor</strong></span> <span class='ocrx_word' id='word_1_169' title='bbox 1920 2529 2027 2586; x_wconf 88' lang='lat' dir='ltr'><strong>aut</strong></span> <span class='ocrx_word' id='word_1_170' title='bbox 2070 2526 2311 2586; x_wconf 90' lang='lat' dir='ltr'><strong>omnino</strong></span> <span class='ocrx_word' id='word_1_171' title='bbox 2356 2525 2657 2586; x_wconf 88' lang='lat' dir='ltr'><strong>illustrare</strong></span> <span class='ocrx_word' id='word_1_172' title='bbox 2703 2526 2893 2586; x_wconf 90' lang='lat' dir='ltr'><strong>noluit</strong></span> 
     </span>
     <span class='ocr_line' id='line_1_22' title="bbox 649 2627 1443 2687; baseline 0.001 -2"><span class='ocrx_word' id='word_1_173' title='bbox 649 2630 754 2686; x_wconf 85' lang='lat' dir='ltr'><strong>aut</strong></span> <span class='ocrx_word' id='word_1_174' title='bbox 782 2643 891 2686; x_wconf 84' lang='lat' dir='ltr'><strong>suo</strong></span> <span class='ocrx_word' id='word_1_175' title='bbox 937 2627 1128 2687; x_wconf 87' lang='lat' dir='ltr'><strong>Marte</strong></span> <span class='ocrx_word' id='word_1_176' title='bbox 1175 2627 1443 2686; x_wconf 84' lang='lat' dir='ltr'><strong>mutavit.</strong></span> 
     </span>
    </p>

    <p class='ocr_par' dir='ltr' id='par_1_4' title="bbox 645 2728 2893 3918">
     <span class='ocr_line' id='line_1_23' title="bbox 820 2728 2893 2809; baseline 0.002 -22"><span class='ocrx_word' id='word_1_177' title='bbox 820 2728 989 2806; x_wconf 89' lang='lat' dir='ltr'><strong>Ipsas</strong></span> <span class='ocrx_word' id='word_1_178' title='bbox 1057 2729 1238 2804; x_wconf 85' lang='lat' dir='ltr'><strong>igitur</strong></span> <span class='ocrx_word' id='word_1_179' title='bbox 1300 2730 1563 2807; x_wconf 85' lang='lat' dir='ltr'><strong>picturas</strong></span> <span class='ocrx_word' id='word_1_180' title='bbox 1625 2731 2030 2791; x_wconf 82' lang='lat' dir='ltr'><strong>intelleximus</strong></span> <span class='ocrx_word' id='word_1_181' title='bbox 2090 2732 2563 2808; x_wconf 86' lang='lat' dir='ltr'><strong>Furtwaengleri</strong></span> <span class='ocrx_word' id='word_1_182' title='bbox 2626 2732 2893 2809; x_wconf 88' lang='lat' dir='ltr'><strong>opinioni</strong></span> 
     </span>
     <span class='ocr_line' id='line_1_24' title="bbox 651 2831 2893 2912; baseline 0.001 -21"><span class='ocrx_word' id='word_1_183' title='bbox 651 2832 889 2892; x_wconf 88' lang='lat' dir='ltr'><strong>minime</strong></span> <span class='ocrx_word' id='word_1_184' title='bbox 949 2831 1175 2892; x_wconf 88' lang='lat' dir='ltr'><strong>favere.</strong></span> <span class='ocrx_word' id='word_1_185' title='bbox 1277 2833 1490 2910; x_wconf 86' lang='lat' dir='ltr'><strong>Neque</strong></span> <span class='ocrx_word' id='word_1_186' title='bbox 1551 2851 1697 2893; x_wconf 86' lang='lat' dir='ltr'><strong>sane</strong></span> <span class='ocrx_word' id='word_1_187' title='bbox 1753 2837 1876 2910; x_wconf 92' lang='lat' dir='ltr'><strong>est,</strong></span> <span class='ocrx_word' id='word_1_188' title='bbox 1942 2833 2104 2910; x_wconf 91' lang='lat' dir='ltr'><strong>quod</strong></span> <span class='ocrx_word' id='word_1_189' title='bbox 2166 2834 2447 2894; x_wconf 88' lang='lat' dir='ltr'><strong>miremur</strong></span> <span class='ocrx_word' id='word_1_190' title='bbox 2507 2835 2705 2912; x_wconf 87' lang='lat' dir='ltr'><strong>paullo</strong></span> <span class='ocrx_word' id='word_1_191' title='bbox 2758 2839 2893 2912; x_wconf 91' lang='lat' dir='ltr'><strong>post</strong></span> 
     </span>
     <span class='ocr_line' id='line_1_25' title="bbox 649 2933 2889 3013; baseline 0.001 -21"><span class='ocrx_word' id='word_1_192' title='bbox 649 2933 1030 3010; x_wconf 83' lang='lat' dir='ltr'><strong>Lycurgeam</strong></span> <span class='ocrx_word' id='word_1_193' title='bbox 1077 2934 1312 2994; x_wconf 86' lang='lat' dir='ltr'><strong>doctam</strong></span> <span class='ocrx_word' id='word_1_194' title='bbox 1357 2934 1418 2993; x_wconf 92' lang='lat' dir='ltr'><strong>in</strong></span> <span class='ocrx_word' id='word_1_195' title='bbox 1463 2935 1624 2994; x_wconf 86' lang='lat' dir='ltr'><strong>vasis</strong></span> <span class='ocrx_word' id='word_1_196' title='bbox 1653 2933 1878 3011; x_wconf 87' lang='lat' dir='ltr'><strong>Orphei</strong></span> <span class='ocrx_word' id='word_1_197' title='bbox 1924 2934 2049 2994; x_wconf 87' lang='lat' dir='ltr'><strong>fata</strong></span> <span class='ocrx_word' id='word_1_198' title='bbox 2092 2935 2259 3013; x_wconf 86' lang='lat' dir='ltr'><strong>pingi</strong></span> <span class='ocrx_word' id='word_1_199' title='bbox 2305 2941 2519 3013; x_wconf 87' lang='lat' dir='ltr'><strong>coepta</strong></span> <span class='ocrx_word' id='word_1_200' title='bbox 2563 2953 2713 3013; x_wconf 89' lang='lat' dir='ltr'><strong>esse,</strong></span> <span class='ocrx_word' id='word_1_201' title='bbox 2758 2955 2889 2996; x_wconf 90' lang='lat' dir='ltr'><strong>cum</strong></span> 
     </span>
     <span class='ocr_line' id='line_1_26' title="bbox 647 3035 2891 3113; baseline 0.001 -19"><span class='ocrx_word' id='word_1_202' title='bbox 647 3039 823 3095; x_wconf 87' lang='lat' dir='ltr'><strong>autea</strong></span> <span class='ocrx_word' id='word_1_203' title='bbox 882 3035 1146 3112; x_wconf 88' lang='lat' dir='ltr'><strong>pictores</strong></span> <span class='ocrx_word' id='word_1_204' title='bbox 1205 3037 1263 3096; x_wconf 88' lang='lat' dir='ltr'><strong>in</strong></span> <span class='ocrx_word' id='word_1_205' title='bbox 1329 3037 1442 3097; x_wconf 89' lang='lat' dir='ltr'><strong>hoc</strong></span> <span class='ocrx_word' id='word_1_206' title='bbox 1500 3041 1855 3113; x_wconf 87' lang='lat' dir='ltr'><strong>argumento</strong></span> <span class='ocrx_word' id='word_1_207' title='bbox 1915 3056 2033 3098; x_wconf 90' lang='lat' dir='ltr'><strong>non</strong></span> <span class='ocrx_word' id='word_1_208' title='bbox 2093 3037 2317 3097; x_wconf 86' lang='lat' dir='ltr'><strong>versati</strong></span> <span class='ocrx_word' id='word_1_209' title='bbox 2371 3055 2503 3098; x_wconf 87' lang='lat' dir='ltr'><strong>esse</strong></span> <span class='ocrx_word' id='word_1_210' title='bbox 2557 3037 2891 3098; x_wconf 85' lang='lat' dir='ltr'><strong>videantur.</strong></span> 
     </span>
     <span class='ocr_line' id='line_1_27' title="bbox 649 3136 2893 3219; baseline 0.001 -21"><span class='ocrx_word' id='word_1_211' title='bbox 649 3137 939 3198; x_wconf 89' lang='lat' dir='ltr'><strong>Nimirum</strong></span> <span class='ocrx_word' id='word_1_212' title='bbox 987 3136 1264 3216; x_wconf 89' lang='lat' dir='ltr'><strong>Orpheus</strong></span> <span class='ocrx_word' id='word_1_213' title='bbox 1311 3158 1430 3200; x_wconf 90' lang='lat' dir='ltr'><strong>non</strong></span> <span class='ocrx_word' id='word_1_214' title='bbox 1476 3138 1637 3216; x_wconf 90' lang='lat' dir='ltr'><strong>quod</strong></span> <span class='ocrx_word' id='word_1_215' title='bbox 1684 3140 1761 3199; x_wconf 87' lang='lat' dir='ltr'><strong>ab</strong></span> <span class='ocrx_word' id='word_1_216' title='bbox 1806 3139 2110 3218; x_wconf 85' lang='lat' dir='ltr'><strong>Aeschylo</strong></span> <span class='ocrx_word' id='word_1_217' title='bbox 2156 3140 2215 3198; x_wconf 91' lang='lat' dir='ltr'><strong>in</strong></span> <span class='ocrx_word' id='word_1_218' title='bbox 2254 3158 2526 3200; x_wconf 87' lang='lat' dir='ltr'><strong>scaenam</strong></span> <span class='ocrx_word' id='word_1_219' title='bbox 2557 3139 2893 3219; x_wconf 88' lang='lat' dir='ltr'><strong>productus</strong></span> 
     </span>
     <span class='ocr_line' id='line_1_28' title="bbox 651 3239 2893 3321; baseline 0.002 -21"><span class='ocrx_word' id='word_1_220' title='bbox 651 3245 742 3300; x_wconf 88' lang='lat' dir='ltr'><strong>est</strong></span> <span class='ocrx_word' id='word_1_221' title='bbox 789 3239 952 3318; x_wconf 85' lang='lat' dir='ltr'><strong>apud</strong></span> <span class='ocrx_word' id='word_1_222' title='bbox 981 3241 1378 3302; x_wconf 88' lang='lat' dir='ltr'><strong>Athenienses</strong></span> <span class='ocrx_word' id='word_1_223' title='bbox 1422 3242 1573 3302; x_wconf 86' lang='lat' dir='ltr'><strong>adeo</strong></span> <span class='ocrx_word' id='word_1_224' title='bbox 1619 3243 1822 3304; x_wconf 88' lang='lat' dir='ltr'><strong>clarus</strong></span> <span class='ocrx_word' id='word_1_225' title='bbox 1865 3241 1992 3301; x_wconf 89' lang='lat' dir='ltr'><strong>fieri</strong></span> <span class='ocrx_word' id='word_1_226' title='bbox 2033 3243 2233 3320; x_wconf 89' lang='lat' dir='ltr'><strong>coepit</strong></span> <span class='ocrx_word' id='word_1_227' title='bbox 2265 3246 2329 3304; x_wconf 91' lang='lat' dir='ltr'><strong>ut</strong></span> <span class='ocrx_word' id='word_1_228' title='bbox 2357 3243 2619 3321; x_wconf 86' lang='lat' dir='ltr'><strong>pictores</strong></span> <span class='ocrx_word' id='word_1_229' title='bbox 2648 3262 2893 3321; x_wconf 90' lang='lat' dir='ltr'><strong>quoque</strong></span> 
     </span>
     <span class='ocr_line' id='line_1_29' title="bbox 649 3341 2891 3422; baseline 0.003 -21"><span class='ocrx_word' id='word_1_230' title='bbox 649 3341 789 3402; x_wconf 88' lang='lat' dir='ltr'><strong>huie</strong></span> <span class='ocrx_word' id='word_1_231' title='bbox 843 3342 1081 3404; x_wconf 87' lang='lat' dir='ltr'><strong>fabulae</strong></span> <span class='ocrx_word' id='word_1_232' title='bbox 1125 3343 1513 3404; x_wconf 82' lang='lat' dir='ltr'><strong>illustrandae</strong></span> <span class='ocrx_word' id='word_1_233' title='bbox 1559 3344 1893 3422; x_wconf 89' lang='lat' dir='ltr'><strong>studerent,</strong></span> <span class='ocrx_word' id='word_1_234' title='bbox 1950 3344 2054 3405; x_wconf 90' lang='lat' dir='ltr'><strong>sed</strong></span> <span class='ocrx_word' id='word_1_235' title='bbox 2101 3344 2261 3422; x_wconf 89' lang='lat' dir='ltr'><strong>quod</strong></span> <span class='ocrx_word' id='word_1_236' title='bbox 2306 3350 2445 3422; x_wconf 94' lang='lat' dir='ltr'><strong>post</strong></span> <span class='ocrx_word' id='word_1_237' title='bbox 2486 3345 2747 3407; x_wconf 85' lang='lat' dir='ltr'><strong>Cimonis</strong></span> <span class='ocrx_word' id='word_1_238' title='bbox 2792 3365 2891 3406; x_wconf 84' lang='lat' dir='ltr'><strong>ex·</strong></span> 
     </span>
     <span class='ocr_line' id='line_1_30' title="bbox 650 3445 2890 3525; baseline 0.001 -19"><span class='ocrx_word' id='word_1_239' title='bbox 650 3445 1013 3522; x_wconf 89' lang='lat' dir='ltr'><strong>peditionem</strong></span> <span class='ocrx_word' id='word_1_240' title='bbox 1072 3446 1390 3508; x_wconf 84' lang='lat' dir='ltr'><strong>Thraciam</strong></span> <span class='ocrx_word' id='word_1_241' title='bbox 1450 3465 1584 3508; x_wconf 86' lang='lat' dir='ltr'><strong>cum</strong></span> <span class='ocrx_word' id='word_1_242' title='bbox 1641 3447 1795 3509; x_wconf 85' lang='lat' dir='ltr'><strong>aliae</strong></span> <span class='ocrx_word' id='word_1_243' title='bbox 1854 3447 2119 3508; x_wconf 87' lang='lat' dir='ltr'><strong>locorum</strong></span> <span class='ocrx_word' id='word_1_244' title='bbox 2164 3449 2403 3509; x_wconf 88' lang='lat' dir='ltr'><strong>illorum</strong></span> <span class='ocrx_word' id='word_1_245' title='bbox 2450 3449 2711 3525; x_wconf 79' lang='lat' dir='ltr'><strong>fabulae,</strong></span> <span class='ocrx_word' id='word_1_246' title='bbox 2768 3453 2890 3510; x_wconf 91' lang='lat' dir='ltr'><strong>tum</strong></span> 
     </span>
     <span class='ocr_line' id='line_1_31' title="bbox 651 3545 2893 3629; baseline 0.002 -21"><span class='ocrx_word' id='word_1_247' title='bbox 651 3545 875 3626; x_wconf 90' lang='lat' dir='ltr'><strong>Orphei</strong></span> <span class='ocrx_word' id='word_1_248' title='bbox 934 3549 1175 3627; x_wconf 88' lang='lat' dir='ltr'><strong>mythus</strong></span> <span class='ocrx_word' id='word_1_249' title='bbox 1235 3569 1454 3625; x_wconf 87' lang='lat' dir='ltr'><strong>magno</strong></span> <span class='ocrx_word' id='word_1_250' title='bbox 1514 3549 1673 3629; x_wconf 87' lang='lat' dir='ltr'><strong>apud</strong></span> <span class='ocrx_word' id='word_1_251' title='bbox 1719 3550 2119 3613; x_wconf 87' lang='lat' dir='ltr'><strong>Athenienses</strong></span> <span class='ocrx_word' id='word_1_252' title='bbox 2178 3552 2385 3612; x_wconf 86' lang='lat' dir='ltr'><strong>favore</strong></span> <span class='ocrx_word' id='word_1_253' title='bbox 2438 3553 2774 3628; x_wconf 84' lang='lat' dir='ltr'><strong>colebatur,</strong></span> <span class='ocrx_word' id='word_1_254' title='bbox 2832 3558 2893 3612; x_wconf 92' lang='lat' dir='ltr'><strong>et</strong></span> 
     </span>
     <span class='ocr_line' id='line_1_32' title="bbox 646 3650 2891 3732; baseline 0.002 -22"><span class='ocrx_word' id='word_1_255' title='bbox 646 3650 988 3727; x_wconf 85' lang='lat' dir='ltr'><strong>Aeschylus</strong></span> <span class='ocrx_word' id='word_1_256' title='bbox 1033 3655 1092 3712; x_wconf 94' lang='lat' dir='ltr'><strong>et</strong></span> <span class='ocrx_word' id='word_1_257' title='bbox 1137 3653 1398 3729; x_wconf 88' lang='lat' dir='ltr'><strong>pictores</strong></span> <span class='ocrx_word' id='word_1_258' title='bbox 1444 3652 1652 3713; x_wconf 89' lang='lat' dir='ltr'><strong>eodem</strong></span> <span class='ocrx_word' id='word_1_259' title='bbox 1701 3653 1830 3714; x_wconf 83' lang='lat' dir='ltr'><strong>fere</strong></span> <span class='ocrx_word' id='word_1_260' title='bbox 1876 3658 2142 3732; x_wconf 90' lang='lat' dir='ltr'><strong>tempore</strong></span> <span class='ocrx_word' id='word_1_261' title='bbox 2182 3655 2243 3713; x_wconf 88' lang='lat' dir='ltr'><strong>in</strong></span> <span class='ocrx_word' id='word_1_262' title='bbox 2275 3656 2401 3715; x_wconf 88' lang='lat' dir='ltr'><strong>eius</strong></span> <span class='ocrx_word' id='word_1_263' title='bbox 2432 3655 2555 3715; x_wconf 82' lang='lat' dir='ltr'><strong>fata</strong></span> <span class='ocrx_word' id='word_1_264' title='bbox 2587 3656 2891 3715; x_wconf 85' lang='lat' dir='ltr'><strong>narranda</strong></span> 
     </span>
     <span class='ocr_line' id='line_1_33' title="bbox 645 3753 2893 3837; baseline 0.003 -25"><span class='ocrx_word' id='word_1_265' title='bbox 645 3753 1064 3814; x_wconf 85' lang='lat' dir='ltr'><strong>incubuerunt.</strong></span> <span class='ocrx_word' id='word_1_266' title='bbox 1166 3756 1379 3832; x_wconf 88' lang='lat' dir='ltr'><strong>Itaque</strong></span> <span class='ocrx_word' id='word_1_267' title='bbox 1435 3774 1589 3832; x_wconf 89' lang='lat' dir='ltr'><strong>quae</strong></span> <span class='ocrx_word' id='word_1_268' title='bbox 1648 3775 1721 3816; x_wconf 84' lang='lat' dir='ltr'><strong>ex</strong></span> <span class='ocrx_word' id='word_1_269' title='bbox 1782 3756 2069 3834; x_wconf 86' lang='lat' dir='ltr'><strong>Aeschyli</strong></span> <span class='ocrx_word' id='word_1_270' title='bbox 2113 3757 2535 3818; x_wconf 86' lang='lat' dir='ltr'><strong>Bassaridibus</strong></span> <span class='ocrx_word' id='word_1_271' title='bbox 2591 3758 2893 3837; x_wconf 88' lang='lat' dir='ltr'><strong>pendeant</strong></span> 
     </span>
     <span class='ocr_line' id='line_1_34' title="bbox 646 3856 1428 3918; baseline 0.004 -3"><span class='ocrx_word' id='word_1_272' title='bbox 646 3856 812 3917; x_wconf 87' lang='lat' dir='ltr'><strong>nulla</strong></span> <span class='ocrx_word' id='word_1_273' title='bbox 857 3861 1240 3918; x_wconf 87' lang='lat' dir='ltr'><strong>monumenta</strong></span> <span class='ocrx_word' id='word_1_274' title='bbox 1283 3858 1428 3918; x_wconf 85' lang='lat' dir='ltr'><strong>scio.</strong></span> 
     </span>
    </p>
   </div>
   <div class='ocr_carea' id='block_1_3' title="bbox 648 4005 2891 4298">
    <p class='ocr_par' dir='ltr' id='par_1_5' title="bbox 648 4005 2891 4298">
     <span class='ocr_line' id='line_1_35' title="bbox 818 4005 2887 4092; baseline 0.002 -22"><span class='ocrx_word' id='word_1_275' title='bbox 818 4010 1063 4070; x_wconf 86' lang='lat' dir='ltr'><strong>Tertiae</strong></span> <span class='ocrx_word' id='word_1_276' title='bbox 1109 4009 1374 4089; x_wconf 77' lang='lat' dir='ltr'><strong>fabulae,</strong></span> <span class='ocrx_word' id='word_1_277' title='bbox 1435 4029 1591 4088; x_wconf 90' lang='lat' dir='ltr'><strong>quae</strong></span> <span class='ocrx_word' id='word_1_278' title='bbox 1639 4005 1919 4074; x_wconf 69' lang='grc' dir='ltr'><strong>Νθαηίεοί</strong></span> <span class='ocrx_word' id='word_1_279' title='bbox 1966 4013 2328 4086; x_wconf 88' lang='lat' dir='ltr'><strong>inscribitur,</strong></span> <span class='ocrx_word' id='word_1_280' title='bbox 2386 4014 2726 4092; x_wconf 84' lang='lat' dir='ltr'><strong>fragmenta</strong></span> <span class='ocrx_word' id='word_1_281' title='bbox 2770 4017 2887 4074; x_wconf 87' lang='lat' dir='ltr'><strong>tam</strong></span> 
     </span>
     <span class='ocr_line' id='line_1_36' title="bbox 648 4113 2889 4195; baseline 0.002 -22"><span class='ocrx_word' id='word_1_282' title='bbox 648 4113 852 4190; x_wconf 85' lang='lat' dir='ltr'><strong>exigui</strong></span> <span class='ocrx_word' id='word_1_283' title='bbox 900 4113 1183 4175; x_wconf 90' lang='lat' dir='ltr'><strong>momenti</strong></span> <span class='ocrx_word' id='word_1_284' title='bbox 1226 4117 1391 4187; x_wconf 90' lang='lat' dir='ltr'><strong>sunt,</strong></span> <span class='ocrx_word' id='word_1_285' title='bbox 1447 4118 1513 4174; x_wconf 93' lang='lat' dir='ltr'><strong>ut</strong></span> <span class='ocrx_word' id='word_1_286' title='bbox 1558 4132 1752 4192; x_wconf 89' lang='lat' dir='ltr'><strong>neque</strong></span> <span class='ocrx_word' id='word_1_287' title='bbox 1796 4115 1872 4176; x_wconf 85' lang='lat' dir='ltr'><strong>de</strong></span> <span class='ocrx_word' id='word_1_288' title='bbox 1916 4133 2135 4176; x_wconf 87' lang='lat' dir='ltr'><strong>scaena</strong></span> <span class='ocrx_word' id='word_1_289' title='bbox 2179 4135 2373 4194; x_wconf 85' lang='lat' dir='ltr'><strong>neque</strong></span> <span class='ocrx_word' id='word_1_290' title='bbox 2417 4117 2493 4177; x_wconf 87' lang='lat' dir='ltr'><strong>de</strong></span> <span class='ocrx_word' id='word_1_291' title='bbox 2538 4119 2670 4195; x_wconf 89' lang='lat' dir='ltr'><strong>ipso</strong></span> <span class='ocrx_word' id='word_1_292' title='bbox 2716 4134 2889 4194; x_wconf 84' lang='lat' dir='ltr'><strong>argu-</strong></span> 
     </span>
     <span class='ocr_line' id='line_1_37' title="bbox 649 4215 2891 4298; baseline 0.003 -24"><span class='ocrx_word' id='word_1_293' title='bbox 649 4219 846 4276; x_wconf 89' lang='lat' dir='ltr'><strong>mento</strong></span> <span class='ocrx_word' id='word_1_294' title='bbox 916 4215 1235 4292; x_wconf 85' lang='lat' dir='ltr'><strong>quidquam</strong></span> <span class='ocrx_word' id='word_1_295' title='bbox 1300 4216 1440 4278; x_wconf 89' lang='lat' dir='ltr'><strong>inde</strong></span> <span class='ocrx_word' id='word_1_296' title='bbox 1506 4216 1851 4278; x_wconf 85' lang='lat' dir='ltr'><strong>doceamur.</strong></span> <span class='ocrx_word' id='word_1_297' title='bbox 1958 4219 2039 4278; x_wconf 90' lang='lat' dir='ltr'><strong>At</strong></span> <span class='ocrx_word' id='word_1_298' title='bbox 2096 4237 2228 4279; x_wconf 88' lang='lat' dir='ltr'><strong>eum</strong></span> <span class='ocrx_word' id='word_1_299' title='bbox 2290 4238 2364 4282; x_wconf 86' lang='lat' dir='ltr'><strong>ex</strong></span> <span class='ocrx_word' id='word_1_300' title='bbox 2423 4220 2533 4292; x_wconf 89' lang='lat' dir='ltr'><strong>eis,</strong></span> <span class='ocrx_word' id='word_1_301' title='bbox 2601 4239 2754 4298; x_wconf 89' lang='lat' dir='ltr'><strong>quae</strong></span> <span class='ocrx_word' id='word_1_302' title='bbox 2813 4219 2891 4281; x_wconf 90' lang='lat' dir='ltr'><strong>de</strong></span> 
     </span>
    </p>
   </div>
   <div class='ocr_carea' id='block_1_4' title="bbox 647 4329 1048 4341">
    <p class='ocr_par' dir='ltr' id='par_1_6' title="bbox 647 4329 1048 4341">
     <span class='ocr_line' id='line_1_38' title="bbox 647 4329 1048 4341; baseline 0 0"><span class='ocrx_word' id='word_1_303' title='bbox 647 4329 1048 4341; x_wconf 95' lang='lat' dir='ltr'><strong> </strong></span> 
     </span>
    </p>
   </div>
   <div class='ocr_carea' id='block_1_5' title="bbox 823 4377 2618 4456">
    <p class='ocr_par' dir='ltr' id='par_1_7' title="bbox 823 4377 2618 4456">
     <span class='ocr_line' id='line_1_39' title="bbox 823 4377 2618 4456; baseline 0.003 -23"><span class='ocrx_word' id='word_1_304' title='bbox 823 4377 862 4450; x_wconf 81' lang='lat'><strong>¹)</strong></span> <span class='ocrx_word' id='word_1_305' title='bbox 897 4378 1079 4434; x_wconf 85' lang='lat' dir='ltr'><strong>Raoul</strong></span> <span class='ocrx_word' id='word_1_306' title='bbox 1113 4378 1388 4436; x_wconf 85' lang='lat' dir='ltr'><strong>Rochette</strong></span> <span class='ocrx_word' id='word_1_307' title='bbox 1424 4380 1571 4436; x_wconf 85' lang='lat' dir='ltr'><strong>Mon.</strong></span> <span class='ocrx_word' id='word_1_308' title='bbox 1595 4381 1667 4436; x_wconf 88' lang='lat' dir='ltr'><strong>in.</strong></span> <span class='ocrx_word' id='word_1_309' title='bbox 1709 4385 1787 4450; x_wconf 84' lang='lat'><strong>13,</strong></span> <span class='ocrx_word' id='word_1_310' title='bbox 1816 4386 1893 4437; x_wconf 84' lang='lat'><strong>14.</strong></span> <span class='ocrx_word' id='word_1_311' title='bbox 1930 4413 1998 4422; x_wconf 93' lang='lat'><strong>-—</strong></span> <span class='ocrx_word' id='word_1_312' title='bbox 2032 4383 2197 4438; x_wconf 89' lang='lat' dir='ltr'><strong>Arch.</strong></span> <span class='ocrx_word' id='word_1_313' title='bbox 2223 4383 2343 4456; x_wconf 82' lang='lat' dir='ltr'><strong>Ztg.</strong></span> <span class='ocrx_word' id='word_1_314' title='bbox 2386 4387 2533 4456; x_wconf 88' lang='lat'><strong>1868,</strong></span> <span class='ocrx_word' id='word_1_315' title='bbox 2568 4388 2618 4440; x_wconf 86' lang='lat'><strong>3.</strong></span> 
     </span>
    </p>
   </div>
  </div>
 </body>
</html>
