3309 5292
629 416 750 476 132

625 584 817 645 Niobe
862 583 1099 646 videtur
1143 603 1371 646 summo
1418 585 1626 646 dolore
1671 604 1966 664 oppressa
2010 585 2071 645 in
2118 585 2345 646 tumulo
2379 584 2697 646 liberorum
2732 603 2870 662 per-

626 705 905 748 severare
940 689 1226 764 voluisse3
1271 695 1472 750 monet
1517 693 1688 767 pater
1732 694 1978 751 mortem
2020 691 2181 750 nullo
2214 688 2390 749 modo
2421 689 2646 765 placari
2677 706 2872 765 posse,

625 791 850 852 scilicet
895 795 960 852 ut
1006 793 1224 852 mortui
1271 791 1347 851 ad
1395 793 1587 853 lucem
1635 792 1903 853 redirent
1945 793 2019 853 fr.
2055 796 2171 854 161

931 934 1142 1023 μόνος
1187 941 1377 1004 θεῶν
1423 935 1548 1023 γὰρ
1595 936 1895 1015 θάνατος
1940 930 2024 1004 οὐ
2070 934 2314 1023 δώρων
2359 937 2495 1027 ἐρᾷ,

933 1031 1080 1106 οὐδ’
1123 1033 1208 1106 ἄν
1250 1066 1315 1106 τι
1359 1037 1559 1107 θύων
1605 1033 1759 1107 οὐδ’
1802 1040 2227 1108 ἐπισπένδων
2274 1033 2479 1120 ἄνοις,

934 1135 1082 1209 οὐδ’
1129 1139 1267 1209 ἔστι
1312 1137 1534 1229 βωμὸς
1580 1137 1740 1211 οὐδὲ
1784 1145 2247 1228 παιωνίζεται·

930 1244 1150 1330 μόνου
1197 1247 1268 1312 δὲ
1317 1241 1550 1312 Πειθώ
1594 1244 1939 1332 δαιμόνων
1984 1239 2364 1314 ἀποστατεῖ.

627 1407 880 1467 Videtur
924 1426 1027 1468 rex
1077 1427 1113 1467 a
1159 1407 1282 1468 filia
1312 1409 1612 1486 petivisse,
1661 1415 1726 1469 ut
1758 1409 2048 1469 tumulum
2084 1409 2467 1486 relinqueret,
2511 1406 2765 1467 fortasse
2807 1411 2874 1466 ut

628 1528 828 1570 secum
884 1511 941 1571 in
990 1511 1190 1570 Asiam
1238 1516 1661 1571 reverteretur.
1748 1511 1922 1586 Quod
1982 1529 2116 1571 cum
2175 1512 2377 1571 multis
2423 1509 2697 1588 precibus
2752 1528 2870 1570 non

626 1614 1078 1690 impetravisset,
1123 1612 1450 1674 iracundus
1497 1615 1639 1674 abiit
1686 1614 1757 1674 fr.
1792 1618 1911 1675 157

1762 1742 2054 1831 ἐφημένη

1033 1845 1255 1930 τάφον
1299 1847 1560 1926 τέκνοις
1606 1844 1822 1930 ἔπωζε
1867 1861 2009 1924 τοῖς
2054 1843 2479 1934 τεθνηκόσιν.

627 2008 724 2070 Sic
769 2009 922 2068 enim
969 2009 1152 2069 verba
1195 2010 1269 2068 ab
1315 2011 1619 2086 Hesychio
1666 2008 1887 2070 tradita
1928 2013 2085 2069 sunt.
2175 2009 2343 2068 Licet
2388 2007 2613 2067 scribas
2659 1999 2875 2086 ἐπῷζε

625 2113 1056 2188 »lamentare«,
1117 2111 1180 2170 id
1235 2111 1398 2188 quod
1453 2112 1731 2172 Nauckio
1795 2113 2037 2189 placuit.
2138 2112 2218 2171 At
2278 2111 2441 2170 nullo
2501 2110 2675 2172 modo
2734 2110 2876 2169 ferri

629 2220 825 2293 potest
869 2213 1028 2292 quod
1075 2213 1230 2274 idem
1280 2220 1452 2292 putat
1485 2216 1895 2292 imperfectum
1943 2235 2053 2294 pro
2105 2215 2453 2292 imperativo
2486 2232 2616 2274 esse
2644 2213 2875 2274 intelle-

628 2318 885 2396 gendum
939 2319 1467 2379 »lamentabatur«.
1554 2321 1704 2379 Nam
1765 2337 1898 2378 cum
1955 2319 2149 2379 Niobe
2211 2336 2318 2394 per
2374 2322 2558 2377 totam
2614 2315 2872 2376 fabulam

628 2421 686 2480 in
734 2439 950 2480 scaena
982 2418 1236 2495 adesset,
1282 2420 1582 2498 quomodo
1613 2419 1774 2480 feras
1808 2439 2169 2497 quemquam
2203 2420 2542 2478 narravisse
2576 2437 2733 2494 quae
2764 2417 2873 2495 ipsi

627 2526 996 2600 spectatores
1041 2524 1164 2583 suis
1209 2524 1396 2584 oculis
1444 2524 1784 2601 praesentia
1830 2522 2323 2598 conspiciebant?

801 2646 1098 2704 Enarravi
1159 2645 1284 2704 fere
1349 2664 1505 2722 quae
1567 2664 1641 2704 ex
1698 2644 1844 2722 ipsis
1889 2644 2159 2722 reliquiis,
2210 2644 2281 2703 de
2330 2643 2531 2703 fabula
2577 2643 2873 2704 enucleari

629 2753 911 2824 possunt3
959 2749 1074 2808 iam
1119 2748 1197 2807 ad
1241 2749 1588 2825 amphoram
1623 2747 2083 2824 Neapolitanam
2116 2747 2505 2807 revertamur.
2593 2745 2877 2806 Videmus

629 2850 865 2909 Nioben
926 2851 986 2909 in
1046 2851 1322 2927 sepulcro
1380 2850 1704 2910 liberorum
1753 2853 2150 2926 maerentem,
2208 2849 2532 2908 Tantalum
2597 2848 2877 2924 precibus

630 2971 757 3013 eam
808 2952 1146 3013 adeuntem.
1235 2954 1451 3012 Nonne
1511 2954 1724 3012 mirum
1787 2953 1848 3012 in
1895 2952 2131 3012 modum
2188 2952 2338 3011 haec
2394 2970 2523 3011 cum
2572 2951 2875 3028 Aeschylo

630 3057 1059 3116 consentiunt?
1152 3057 1426 3133 Virgines
1459 3075 1615 3133 quae
1647 3055 1937 3116 tumulum
1968 3055 2262 3114 adornant
2294 3055 2460 3114 chori
2493 3055 2655 3114 vices
2694 3073 2875 3130 agere

629 3159 728 3218 vix
754 3158 1026 3236 estquod
1061 3177 1331 3224 moneam
1363 3163 1543 3234 atque
1575 3177 1644 3218 ex
1673 3157 2005 3235 virginibus
2036 3159 2161 3218 sive
2184 3157 2387 3234 Lydis,
2421 3177 2573 3235 quae
2594 3159 2878 3235 aequales

629 3263 925 3338 quondam
953 3262 1198 3338 reginae
1214 3262 1469 3336 Nioben,
1487 3280 1617 3320 cum
1643 3261 1963 3339 Amphioni
1990 3262 2260 3336 nuberet,
2277 3264 2635 3337 prosecutae
2658 3264 2878 3332 essent,

631 3365 756 3423 sive
786 3363 1092 3424 Thebanis
1123 3363 1366 3422 chorum
1402 3362 1741 3422 constitisse
1772 3360 1913 3422 inde
1945 3362 2272 3422 statuimus.
2347 3363 2559 3438 Neque
2590 3362 2879 3439 amphora

629 3470 928 3545 petentem
977 3466 1052 3526 de
1097 3465 1338 3527 fabulae
1385 3470 1743 3542 argumento
1789 3466 2024 3542 pictura
2070 3463 2285 3524 deficit.
2375 3465 2577 3542 Atque
2623 3465 2877 3525 maxime
2953 3466 2957 3470 '

630 3570 868 3648 quidem
930 3570 989 3628 in
1051 3571 1460 3647 quaestionem
1520 3551 1704 3628 cadit·
1740 3586 1892 3628 anus
1950 3568 2048 3626 illa
2091 3587 2125 3626 a
2173 3568 2347 3628 laeva
2401 3573 2573 3645 parte
2627 3568 2877 3628 aedificii

632 3672 956 3734 considens
1003 3679 1062 3732 et
1109 3690 1239 3731 cum
1287 3671 1481 3732 Niobe
1525 3673 1744 3733 locuta.
1836 3673 2007 3731 Vitae
2038 3677 2251 3731 auctor
2280 3671 2463 3731 tradit
2503 3690 2611 3748 per
2641 3671 2877 3730 tertiam

627 3774 974 3852 tragoediae
1022 3781 1250 3852 partem
1295 3775 1527 3836 Nioben
1576 3780 1861 3849 mutuam,
1925 3774 2105 3851 pallio
2163 3774 2490 3833 involutam
2546 3774 2603 3832 in
2653 3774 2877 3833 tumulo

627 3881 954 3939 liberorum
1001 3875 1364 3955 consedisse,
1411 3879 1639 3938 frustra
1687 3881 2055 3955 spectatores
2101 3877 2575 3953 exspectavisse,
2634 3876 2878 3954 quando

632 3981 872 4041 tandem
933 3981 1036 4040 illa
1094 3980 1318 4057 aliquid
1365 3981 1440 4040 sit
1491 3981 1769 4041 locutura
1812 3979 1913 4054 (cf.
1958 3997 2140 4058 supra
2184 4000 2243 4058 p.
2270 3977 2433 4052 129).
2521 3980 2723 4056 Atque
2768 3979 2879 4039 etsi

632 4083 1013 4160 longissumis
1057 4081 1270 4161 parodi
1320 4084 1570 4143 canticis
1599 4082 1968 4160 Aeschylum
2018 4085 2187 4143 usum
2222 4101 2351 4143 esse
2385 4086 2635 4156 constat,
2680 4084 2877 4142 tamen

633 4206 893 4265 unquam
940 4192 1057 4245 tam
1101 4187 1285 4246 mirae
1317 4186 1710 4262 longitudinis
1742 4186 2032 4264 parodum
2067 4205 2201 4246 eum
2235 4186 2639 4263 composuisse
2683 4203 2880 4261 neque

632 4291 816 4350 ullum
878 4289 1210 4365 exemplum
1272 4294 1503 4366 prostat
1562 4308 1761 4367 neque
1828 4288 2146 4348 verisimile
2213 4293 2321 4348 est.
2423 4287 2580 4363 Quid
2649 4287 2879 4364 igitur?

634 4393 840 4455 Fidem
888 4392 1122 4454 auctori
1175 4392 1581 4477 abrogemus?
1673 4391 1911 4456 Minime
1970 4410 2135 4454 sane.
2222 4391 2303 4455 At
2367 4391 2678 4452 statuimus
2738 4394 2878 4452 ante
